@inproceedings{Garcia:2005:MDP:1052898.1052899,
 author = {Garcia, Alessandro and Sant'Anna, Cl\'{a}udio and Figueiredo, Eduardo and Kulesza, Uir\'{a} and Lucena, Carlos and von Staa, Arndt},
 title = {Modularizing Design Patterns with Aspects: A Quantitative Study},
 booktitle = {Proceedings of the 4th International Conference on Aspect-oriented Software Development},
 series = {AOSD '05},
 year = {2005},
 isbn = {1-59593-042-6},
 location = {Chicago, Illinois},
 pages = {3--14},
 numpages = {12},
 url = {http://doi.acm.org/10.1145/1052898.1052899},
 doi = {10.1145/1052898.1052899},
 acmid = {1052899},
 publisher = {ACM},
 address = {New York, NY, USA},
 keywords = {aspect-oriented programming, design patterns, metrics},
}