@article{Robillard:2007:RCS:1189748.1189751,
 author = {Robillard, Martin P. and Murphy, Gail C.},
 title = {Representing Concerns in Source Code},
 journal = {ACM Trans. Softw. Eng. Methodol.},
 issue_date = {February 2007},
 volume = {16},
 number = {1},
 month = feb,
 year = {2007},
 issn = {1049-331X},
 articleno = {3},
 url = {http://doi.acm.org/10.1145/1189748.1189751},
 doi = {10.1145/1189748.1189751},
 acmid = {1189751},
 publisher = {ACM},
 address = {New York, NY, USA},
 keywords = {Java, Separation of concerns, aspect-oriented software development, concern modeling, software evolution},
}