@inproceedings{Figueiredo:2008:ESP:1368088.1368124,
 author = {Figueiredo, Eduardo and Cacho, Nelio and Sant'Anna, Claudio and Monteiro, Mario and Kulesza, Uira and Garcia, Alessandro and Soares, S{\'e}rgio and Ferrari, Fabiano and Khan, Safoora and Castor Filho, Fernando and Dantas, Francisco},
 title = {Evolving Software Product Lines with Aspects: An Empirical Study on Design Stability},
 booktitle = {Proceedings of the 30th International Conference on Software Engineering},
 series = {ICSE '08},
 year = {2008},
 isbn = {978-1-60558-079-1},
 location = {Leipzig, Germany},
 pages = {261--270},
 numpages = {10},
 url = {http://doi.acm.org/10.1145/1368088.1368124},
 doi = {10.1145/1368088.1368124},
 acmid = {1368124},
 publisher = {ACM},
 address = {New York, NY, USA},
 keywords = {aspect-oriented programming, empirical evaluation, software product lines},
}