@inproceedings{Ferrari:2010:ESF:1806799.1806813,
 author = {Ferrari, Fabiano and Burrows, Rachel and Lemos, Ot\'{a}vio and Garcia, Alessandro and Figueiredo, Eduardo and Cacho, Nelio and Lopes, Frederico and Temudo, Nathalia and Silva, Liana and Soares, Sergio and Rashid, Awais and Masiero, Paulo and Batista, Thais and Maldonado, Jos{\'e}},
 title = {An Exploratory Study of Fault-proneness in Evolving Aspect-oriented Programs},
 booktitle = {Proceedings of the 32Nd ACM/IEEE International Conference on Software Engineering - Volume 1},
 series = {ICSE '10},
 year = {2010},
 isbn = {978-1-60558-719-6},
 location = {Cape Town, South Africa},
 pages = {65--74},
 numpages = {10},
 url = {http://doi.acm.org/10.1145/1806799.1806813},
 doi = {10.1145/1806799.1806813},
 acmid = {1806813},
 publisher = {ACM},
 address = {New York, NY, USA},
 keywords = {aspect-oriented programming, fault-proneness, software testing},
}