@article{Chidamber:1994:MSO:630808.631131,
 author = {Chidamber, S. R. and Kemerer, C. F.},
 title = {A Metrics Suite for Object Oriented Design},
 journal = {IEEE Trans. Softw. Eng.},
 issue_date = {June 1994},
 volume = {20},
 number = {6},
 month = jun,
 year = {1994},
 issn = {0098-5589},
 pages = {476--493},
 numpages = {18},
 url = {http://dx.doi.org/10.1109/32.295895},
 doi = {10.1109/32.295895},
 acmid = {631131},
 publisher = {IEEE Press},
 address = {Piscataway, NJ, USA},
 keywords = {automated data collection tool, measurement principles, metrics suite, object oriented design, object oriented programming, object-oriented methods, object-oriented programming, organization, process improvement, software development, software measures, software metrics},
}