@incollection{
year={2007},
isbn={978-3-540-73588-5},
booktitle={ECOOP 2007 – Object-Oriented Programming},
volume={4609},
series={Lecture Notes in Computer Science},
editor={Ernst, Erik},
doi={10.1007/978-3-540-73589-2_9},
title={On the Impact of Aspectual Decompositions on Design Stability: An Empirical Study},
url={http://dx.doi.org/10.1007/978-3-540-73589-2_9},
publisher={Springer Berlin Heidelberg},
author={Greenwood, Phil and Bartolomei, Thiago and Figueiredo, Eduardo and Dosea, Marcos and Garcia, Alessandro and Cacho, Nelio and Sant’Anna, Cláudio and Soares, Sergio and Borba, Paulo and Kulesza, Uirá and Rashid, Awais},
pages={176-200},
language={English}
}
