@incollection{
year={2008},
isbn={978-0-387-48530-0},
booktitle={The Semantic Web},
volume={6},
series={Semantic Web And Beyond Computing for Human Experience},
editor={Cardoso, Jorge and Hepp, Martin and Lytras, MiltiadisD.},
doi={10.1007/978-0-387-48531-7_3},
title={Semantic Web Technologies For The Financial Domain},
url={http://dx.doi.org/10.1007/978-0-387-48531-7_3},
publisher={Springer US},
author={Lara, Rubén and Cantador, Iván and Castells, Pablo},
pages={41-74},
language={English}
}
