@article{
year={2011},
issn={2191-4761},
journal={Journal of Management Control},
volume={22},
number={2},
doi={10.1007/s00187-011-0134-7},
title={Characteristics of XBRL adoption in Germany},
url={http://dx.doi.org/10.1007/s00187-011-0134-7},
publisher={Springer-Verlag},
keywords={XBRL; Adoption; TAM; Institutional theory},
author={Felden, Carsten},
pages={161-186},
language={English}
}
