@incollection{
year={2010},
isbn={978-1-4419-7664-2},
booktitle={Linking Enterprise Data},
editor={Wood, David},
doi={10.1007/978-1-4419-7665-9_6},
title={Linking XBRL Financial Data},
url={http://dx.doi.org/10.1007/978-1-4419-7665-9_6},
publisher={Springer US},
author={Garc√≠a, Roberto and Gil, Rosa},
pages={103-125},
language={English}
}
