@incollection{
year={2013},
isbn={978-3-642-36218-7},
booktitle={Enterprise Applications and Services in the Finance Industry},
volume={135},
series={Lecture Notes in Business Information Processing},
editor={Rabhi, FethiA. and Gomber, Peter},
doi={10.1007/978-3-642-36219-4_7},
title={XBRL: Impacts, Issues and Future Research Directions},
url={http://dx.doi.org/10.1007/978-3-642-36219-4_7},
publisher={Springer Berlin Heidelberg},
keywords={XBRL; Literature Review; Research Agenda},
author={Müller-Wickop, Niels and Schultz, Martin and Nüttgens, Markus},
pages={112-130},
language={English}
}
