@incollection{
year={2014},
isbn={978-3-642-55354-7},
booktitle={Service Science and Knowledge Innovation},
volume={426},
series={IFIP Advances in Information and Communication Technology},
editor={Liu, Kecheng and Gulliver, StephenR. and Li, Weizi and Yu, Changrui},
doi={10.1007/978-3-642-55355-4_12},
title={Exploiting Linked Data in Financial Engineering},
url={http://dx.doi.org/10.1007/978-3-642-55355-4_12},
publisher={Springer Berlin Heidelberg},
keywords={Financial Engineering; Financial Reporting; XBRL (eXtensible Business Reporting Language); Governmental Data; Linked Data; Data driven platform},
author={Lee, Vivian and Goto, Masatomo and Hu, Bo and Naseer, Aisha and Vandenbussche, Pierre-Yves and Shakair, Gofran and Rodrigues, EduardaMendes},
pages={116-125},
language={English}
}
