@incollection{
year={2014},
isbn={978-3-662-43584-7},
booktitle={Towards the Multilingual Semantic Web},
editor={Buitelaar, Paul and Cimiano, Philipp},
doi={10.1007/978-3-662-43585-4_17},
title={Semantically Assisted XBRL-Taxonomy Alignment Across Languages},
url={http://dx.doi.org/10.1007/978-3-662-43585-4_17},
publisher={Springer Berlin Heidelberg},
keywords={Financial reporting; Multilingual; Protégé OWL; XBRL},
author={Thomas, SusanMarie and Wu, Xichuan and Ma, Yue and O’Riain, Sean},
pages={277-293},
language={English}
}
