@article{srivastava2009xbrl,
  title={XBRL (Extensible Business Reporting Language): A Research Perspective},
  author={Srivastava, Rajendra P},
  journal={Indian Accounting Review},
  volume={13},
  number={1},
  pages={14--32},
  year={2009}
}
@article{taylor2010interactive,
  title={Interactive financial reporting: an introduction to eXtensible business reporting language (XBRL)},
  author={Taylor, Eileen Z and Dzuranin, Ann C},
  journal={Issues in Accounting Education},
  volume={25},
  number={1},
  pages={71--83},
  year={2010}
}
@article{bonson2008role,
  title={The role of XBRL in enhanced business reporting (EBR)},
  author={Bons{\'o}n, Enrique and Cortijo, Virginia and Escobar, Tomas},
  journal={Journal of Emerging Technologies in Accounting},
  volume={5},
  number={1},
  pages={161--173},
  year={2008}
}
@inproceedings{mendez2010combining,
  title={Combining semantic web technologies and computational theory of perceptions for text generation in financial analysis},
  author={Mendez-Nunez, Sheila and Trivi{\~n}o, Graci{\'a}n},
  booktitle={Fuzzy Systems (FUZZ), 2010 IEEE International Conference on},
  pages={1--8},
  year={2010},
  organization={IEEE}
}
@article{debreceny2010adios,
  title={Adios! Airways: An assignment on mapping financial statements to the US GAAP XBRL taxonomy},
  author={Debreceny, Roger and Farewell, Stephanie},
  journal={Issues in Accounting Education},
  volume={25},
  number={3},
  pages={465--488},
  year={2010}
}
@article{blake2008xbrl,
  title={XBRL enabler for business documents},
  author={Blake, Robert W and Huang, Emily},
  year={2008}
}
@article{capozzoli2010sec,
  title={SEC XBRL filing requirements: An instructional case on tagging financial statement disclosures},
  author={Capozzoli, Ernest and Farewell, Stephanie},
  journal={Issues in Accounting Education},
  volume={25},
  number={3},
  pages={489--511},
  year={2010}
}
@article{boyer2010xbrl,
  title={XBRL: Is it time},
  author={Boyer-Wright, Kathleen and Summers, George and Kottemann, Jeffrey},
  journal={Issues in Informing Science and Information Technology},
  volume={7},
  pages={509--518},
  year={2010}
}
@article{ditter2011using,
  title={Using XBRL technology to extract competitive information from financial statements},
  author={Ditter, Dominik and Henselmann, Klaus and Scherr, Elisabeth},
  journal={Journal of Intelligence Studies in Business},
  volume={1},
  number={1},
  year={2011}
}
@article{cohen2009xbrl,
  title={XBRL's global ledger framework: Exploring the standardised missing link to ERP integration},
  author={Cohen, Eric E},
  journal={International Journal of Disclosure and Governance},
  volume={6},
  number={3},
  pages={188--206},
  year={2009},
  publisher={Nature Publishing Group}
}
@article{capozzoli2009xbrl,
  title={XBRL Versioning: Imminent Challenges and Potential Solutions},
  author={Capozzoli, Ernest A and Ali, Radwan},
  journal={International Review of Business Research Papers},
  volume={5},
  number={6},
  pages={72--78},
  year={2009}
}
@article{mauss2008xbrl,
  title={XBRL in Public Administration as a Way to Evince and Scale the Use of Information},
  author={Mauss, C{\'e}zar Volnei and Bleil, Claudecir and Balloni, Antonio Jos{\'e} and Vanti, Adolfo Alberto},
  journal={Innovations and Advanced Techniques in Systems, Computing Sciences and Software Engineering},
  pages={111--115},
  year={2008},
  publisher={Springer Netherlands}
}
@article{mauss2008xbrl,
  title={XBRL in Public Administration as a Way to Evince and Scale the Use of Information},
  author={Mauss, C{\'e}zar Volnei and Bleil, Claudecir and Balloni, Antonio Jos{\'e} and Vanti, Adolfo Alberto},
  journal={Innovations and Advanced Techniques in Systems, Computing Sciences and Software Engineering},
  pages={111--115},
  year={2008},
  publisher={Springer Netherlands}
}
@article{lopez2008ontology,
  title={Ontology Management in e-Banking Applications},
  author={L{\'o}pez-Cobo, Jos{\'e}-Manuel and Losada, Silvestre and Cicurel, Laurent and Bas, Jos{\'e} Luis and Bellido, Sergio and Benjamins, Richard},
  journal={Ontology Management},
  pages={229--244},
  year={2008},
  publisher={Springer US}
}
@article{hoffman2009xbrl,
  title={XBRL for Dummies},
  author={Hoffman, Charles and Watson, Liv},
  year={2009},
  publisher={John Wiley \& Sons}
}
@article{rezaei2013xbrl,
  title={XBRL; A New Language for Financial Reporting},
  author={Rezaei, Zeinab},
  year={2013}
}
@article{monterio2014keeping,
  title={Keeping Ahead of the Evolution of Technology},
  author={Monterio, Brad J},
  journal={Strategic Finance},
  volume={95},
  number={11},
  pages={56},
  year={2014},
  publisher={Institute of Management Accountants}
}
@article{monterio2014keeping,
  title={Keeping Ahead of the Evolution of Technology},
  author={Monterio, Brad J},
  journal={Strategic Finance},
  volume={95},
  number={11},
  pages={56},
  year={2014},
  publisher={Institute of Management Accountants}
}
@article{jimei2013xbrl,
  title={XBRL in the Chinese Financial Ecosystem},
  author={Jimei, Li and Yuzhou, Hu and Meijie, Du},
  journal={IT Professional},
  volume={15},
  number={6},
  pages={36--42},
  year={2013},
  publisher={IEEE}
}
@article{faboyede2011business,
  title={E-Business Conflict Resolution: The Role of XBRL, the Next-Generation Digital Language of Business Reporting},
  author={Faboyede, Olusola Samuel},
  journal={National Journal of System and Information Technology},
  volume={4},
  number={1},
  pages={30},
  year={2011},
  publisher={Publishing India Group}
}
@article{vantixbrl,
  title={XBRL in public administration as a way to evince and scale the use of information},
  author={Vanti-Unisinos, Adolfo Alberto}
}
@inproceedings{xin2008analysis,
  title={Analysis of the applicability of performance measurement method for XBRL implementation in the enterprises},
  author={Xin-li, Wang and Pei, Zhang},
  booktitle={Industrial Electronics and Applications, 2008. ICIEA 2008. 3rd IEEE Conference on},
  pages={2312--2316},
  year={2008},
  organization={IEEE}
}
@article{faboyede2011xbrl,
  title={XBRL, The 21st Century Data Source and Database Level Data Validation},
  author={FABOYEDE, SO and MUKORO, DR and LECTURER, D and OLOWE, O},
  journal={CHIEF PATRON CHIEF PATRON},
  year={2011}
}
@article{sin2014xbrl,
  title={XBRL Benefits and Challenges},
  author={Sin, Win Sze},
  year={2014}
}
@article{ilias2014awareness,
  title={The Awareness of the Extensible Business Reporting Language (XBRL) In Malaysia.},
  author={ILIAS, AZLEEN and RAZAK, ZULKEFLEE MOHD ABD and RAZAK, SITI FARA FADILA ABD},
  journal={Journal of Internet Banking \& Commerce},
  volume={19},
  number={2},
  year={2014}
}
@article{rahwanixbrl,
  title={XBRL based Financial Statement: Case Study in a Sharia Bank in Indonesia},
  author={Rahwani, Noor Romy}
}
@article{fischerevolution,
  title={“Evolution and Future Trends for XBRL Development” KU XBRL 2013},
  author={Fischer, Herm}
}
@article{dalla2015internal,
  title={INTERNAL REPORTING WITH XBRL GLOBAL LEDGER},
  author={Dalla Via, Nicola and Garbellotto, Gianluca},
  journal={Strategic Finance},
  volume={97},
  number={4},
  pages={46},
  year={2015},
  publisher={Institute of Management Accountants}
}
@article{piao2011building,
  title={Building Multidimensional Analysis Model for Business Reports Based on CWM},
  author={Piao, Yong and Wang, XK and Chen, ZK and Wang, Z},
  journal={Computer Science},
  volume={38},
  number={9},
  pages={164},
  year={2011},
  publisher={Guojia Kexue Jishu Bu, Xinan Xinxi Zhongxin}
}
@article{taylor2010interactive,
  title={Interactive financial reporting: an introduction to eXtensible business reporting language (XBRL)},
  author={Taylor, Eileen Z and Dzuranin, Ann C},
  journal={Issues in Accounting Education},
  volume={25},
  number={1},
  pages={71--83},
  year={2010}
}
