@article{Pinsker:2008:CBX:1325555.1325565,
 author = {Pinsker, Robert and Li, Shaomin},
 title = {Costs and Benefits of XBRL Adoption: Early Evidence},
 journal = {Commun. ACM},
 issue_date = {March 2008},
 volume = {51},
 number = {3},
 month = mar,
 year = {2008},
 issn = {0001-0782},
 pages = {47--50},
 numpages = {4},
 url = {http://doi.acm.org/10.1145/1325555.1325565},
 doi = {10.1145/1325555.1325565},
 acmid = {1325565},
 publisher = {ACM},
 address = {New York, NY, USA},
}