@inproceedings{Carroll:2008:GAS:1367832.1367843,
 author = {Carroll, Joshua and Lee, Thomas Y.},
 title = {A Genetic Algorithm for Segmentation and Information Retrieval of SEC Regulatory Filings},
 booktitle = {Proceedings of the 2008 International Conference on Digital Government Research},
 series = {dg.o '08},
 year = {2008},
 isbn = {978-1-60558-099-9},
 location = {Montreal, Canada},
 pages = {44--52},
 numpages = {9},
 url = {http://dl.acm.org/citation.cfm?id=1367832.1367843},
 acmid = {1367843},
 publisher = {Digital Government Society of North America},
 keywords = {SEC, document segmentation, genetic algorithms, structured information retrieval},
}