@inproceedings{Yankova:2008:AOM:1452567.1452573,
 author = {Yankova, Milena and Saggion, Horacio and Cunningham, Hamish},
 title = {Adopting Ontologies for Multisource Identity Resolution},
 booktitle = {Proceedings of the First International Workshop on Ontology-supported Business Intelligence},
 series = {OBI '08},
 year = {2008},
 isbn = {978-1-60558-219-1},
 location = {Karlsruhe, Germany},
 pages = {6:1--6:10},
 articleno = {6},
 numpages = {10},
 url = {http://doi.acm.org/10.1145/1452567.1452573},
 doi = {10.1145/1452567.1452573},
 acmid = {1452573},
 publisher = {ACM},
 address = {New York, NY, USA},
}