@book{Cummins:2008:BAE:1457662,
 author = {Cummins, Fred A.},
 title = {Building the Agile Enterprise: With SOA, BPM and MBM},
 year = {2009},
 isbn = {9780080560083, 9780123744456},
 publisher = {Morgan Kaufmann Publishers Inc.},
 address = {San Francisco, CA, USA},
}