@article{Cheng:2009:OBI:1464526.1465142,
 author = {Cheng, Hilary and Lu, Yi-Chuan and Sheu, Calvin},
 title = {An Ontology-based Business Intelligence Application in a Financial Knowledge Management System},
 journal = {Expert Syst. Appl.},
 issue_date = {March, 2009},
 volume = {36},
 number = {2},
 month = mar,
 year = {2009},
 issn = {0957-4174},
 pages = {3614--3622},
 numpages = {9},
 url = {http://dx.doi.org/10.1016/j.eswa.2008.02.047},
 doi = {10.1016/j.eswa.2008.02.047},
 acmid = {1465142},
 publisher = {Pergamon Press, Inc.},
 address = {Tarrytown, NY, USA},
 keywords = {Bond ratings, Business intelligence, Data mining, Knowledge management},
}