@article{Ye:2008:CAS:1467020.1467039,
 author = {Ye, Huanzhuo and He, Yuning and Xiang, Zhuoyuan},
 title = {Continuous Auditing System Based on Registration Center},
 journal = {WSEAS Trans. Info. Sci. and App.},
 issue_date = {May 2008},
 volume = {5},
 number = {5},
 month = may,
 year = {2008},
 issn = {1790-0832},
 pages = {746--755},
 numpages = {10},
 url = {http://dl.acm.org/citation.cfm?id=1467020.1467039},
 acmid = {1467039},
 publisher = {World Scientific and Engineering Academy and Society (WSEAS)},
 address = {Stevens Point, Wisconsin, USA},
 keywords = {XBRL GL, XML, continuous auditing, registration center, web services},
}