@article{Janner:2008:CCM:1486891.1486893,
 author = {Janner, Till and Lampathaki, Fenareti and Hoyer, Volker and Mouzakitis, Spiros and Charalabidis, Yannis and Schroth, Christoph},
 title = {A Core Component-based Modelling Approach for Achieving e-Business Semantics Interoperability},
 journal = {J. Theor. Appl. Electron. Commer. Res.},
 issue_date = {December 2008},
 volume = {3},
 number = {3},
 month = dec,
 year = {2008},
 issn = {0718-1876},
 pages = {1--16},
 numpages = {16},
 url = {http://dl.acm.org/citation.cfm?id=1486891.1486893},
 acmid = {1486893},
 publisher = {Facultad de Ingenier\&\#237;a, Universidad de Talca},
 address = {Talca, Chile},
 keywords = {CCTS, UBL, UN/CEFACT, data modelling methodology, e-business, e-government, interoperability},
}