@article{Abrahao:2009:FEE:1497630.1497696,
 author = {Abrah\~{a}o, Silvia and Poels, Geert},
 title = {A Family of Experiments to Evaluate a Functional Size Measurement Procedure for Web Applications},
 journal = {J. Syst. Softw.},
 issue_date = {February, 2009},
 volume = {82},
 number = {2},
 month = feb,
 year = {2009},
 issn = {0164-1212},
 pages = {253--269},
 numpages = {17},
 url = {http://dx.doi.org/10.1016/j.jss.2008.06.031},
 doi = {10.1016/j.jss.2008.06.031},
 acmid = {1497696},
 publisher = {Elsevier Science Inc.},
 address = {New York, NY, USA},
 keywords = {Empirical software engineering, Functional size measurement, Method evaluation, Software measurement, Web engineering},
}