@inproceedings{Mondorf:2008:IEC:1509096.1509118,
 author = {Mondorf, Ansgar and Wimmer, Maria},
 title = {Interoperability in e-Tendering: The Case of the Virtual Company Dossier},
 booktitle = {Proceedings of the 2Nd International Conference on Theory and Practice of Electronic Governance},
 series = {ICEGOV '08},
 year = {2008},
 isbn = {978-1-60558-386-0},
 location = {Cairo, Egypt},
 pages = {110--116},
 numpages = {7},
 url = {http://doi.acm.org/10.1145/1509096.1509118},
 doi = {10.1145/1509096.1509118},
 acmid = {1509118},
 publisher = {ACM},
 address = {New York, NY, USA},
 keywords = {certificates, e-tendering, electronic documents, high impact services, interoperability, public e-procurement},
}