@inproceedings{Declerck:2008:OHL:1567281.1567497,
 author = {Declerck, Thierry and Krieger, Hans-Ulrich and Saggion, Horacio and Spies, Marcus},
 title = {Ontology-Driven Human Language Technology for Semantic-Based Business Intelligence},
 booktitle = {Proceedings of the 2008 Conference on ECAI 2008: 18th European Conference on Artificial Intelligence},
 year = {2008},
 isbn = {978-1-58603-891-5},
 pages = {841--842},
 numpages = {2},
 url = {http://dl.acm.org/citation.cfm?id=1567281.1567497},
 acmid = {1567497},
 publisher = {IOS Press},
 address = {Amsterdam, The Netherlands, The Netherlands},
}