@article{Chou:2009:IME:1595078.1595315,
 author = {Chou, Tung-Hsiang and Seng, Jia-Lang},
 title = {An Intelligent Multi-agent e-Services method-An International Telecommunication Example},
 journal = {Inf. Manage.},
 issue_date = {August, 2009},
 volume = {46},
 number = {6},
 month = aug,
 year = {2009},
 issn = {0378-7206},
 pages = {342--350},
 numpages = {9},
 url = {http://dx.doi.org/10.1016/j.im.2009.05.006},
 doi = {10.1016/j.im.2009.05.006},
 acmid = {1595315},
 publisher = {Elsevier Science Publishers B. V.},
 address = {Amsterdam, The Netherlands, The Netherlands},
 keywords = {Agility, Intelligent multi-agent method, Operation support systems, Telecommunication services, e-Services},
}