@article{Lampathaki:2009:BBI:1595894.1596049,
 author = {Lampathaki, Fenareti and Mouzakitis, Spiros and Gionis, George and Charalabidis, Yannis and Askounis, Dimitris},
 title = {Business to Business Interoperability: A Current Review of XML Data Integration Standards},
 journal = {Comput. Stand. Interfaces},
 issue_date = {November, 2009},
 volume = {31},
 number = {6},
 month = nov,
 year = {2009},
 issn = {0920-5489},
 pages = {1045--1055},
 numpages = {11},
 url = {http://dx.doi.org/10.1016/j.csi.2008.12.006},
 doi = {10.1016/j.csi.2008.12.006},
 acmid = {1596049},
 publisher = {Elsevier Science Publishers B. V.},
 address = {Amsterdam, The Netherlands, The Netherlands},
 keywords = {CCTS, Data integration, OAGIS, Standards evaluation taxonomy, UBL},
}