@inproceedings{Scifleet:2009:PTF:1621995.1622037,
 author = {Scifleet, Paul and Williams, Susan P.},
 title = {Practice Theory \& the Foundations of Digital Document Encoding},
 booktitle = {Proceedings of the 27th ACM International Conference on Design of Communication},
 series = {SIGDOC '09},
 year = {2009},
 isbn = {978-1-60558-559-8},
 location = {Bloomington, Indiana, USA},
 pages = {213--220},
 numpages = {8},
 url = {http://doi.acm.org/10.1145/1621995.1622037},
 doi = {10.1145/1621995.1622037},
 acmid = {1622037},
 publisher = {ACM},
 address = {New York, NY, USA},
 keywords = {documentary practice, information management, methodology, practice theory},
}