@inproceedings{Silva:2009:LLM:1651291.1651307,
 author = {Silva, Paulo Caetano and Souza, F\'{a}bio Santos and Times, Val{\'e}ria Ces\'{a}rio},
 title = {LMDQL: Link-based and Multidimensional Query Language},
 booktitle = {Proceedings of the ACM Twelfth International Workshop on Data Warehousing and OLAP},
 series = {DOLAP '09},
 year = {2009},
 isbn = {978-1-60558-801-8},
 location = {Hong Kong, China},
 pages = {89--96},
 numpages = {8},
 url = {http://doi.acm.org/10.1145/1651291.1651307},
 doi = {10.1145/1651291.1651307},
 acmid = {1651307},
 publisher = {ACM},
 address = {New York, NY, USA},
 keywords = {lmdql, olap, xbrl, xlink, xml},
}