@article{Pokorny:2009:XES:1664795.1664801,
 author = {Pokorn\'{y}, Jaroslav},
 title = {XML in Enterprise Systems},
 journal = {Informatica},
 issue_date = {August 2009},
 volume = {20},
 number = {3},
 month = aug,
 year = {2009},
 issn = {0868-4952},
 pages = {417--438},
 numpages = {22},
 url = {http://dl.acm.org/citation.cfm?id=1664795.1664801},
 acmid = {1664801},
 publisher = {IOS Press},
 address = {Amsterdam, The Netherlands, The Netherlands},
 keywords = {Web services, XML, XML databases, XQuery, XSLT, enterprise information integration},
}