@article{Romei:2010:XDM:1712666.1712667,
 author = {Romei, Andrea and Turini, Franco},
 title = {XML Data Mining},
 journal = {Softw. Pract. Exper.},
 issue_date = {February 2010},
 volume = {40},
 number = {2},
 month = feb,
 year = {2010},
 issn = {0038-0644},
 pages = {101--130},
 numpages = {30},
 url = {http://dx.doi.org/10.1002/spe.v40:2},
 doi = {10.1002/spe.v40:2},
 acmid = {1712667},
 publisher = {John Wiley \&amp; Sons, Inc.},
 address = {New York, NY, USA},
 keywords = {XML, XQuery, data mining, inductive database, knowledge discovery, query language},
}