@article{Hill:2010:FIA:1718910.1718912,
 author = {Hill, Sally Rao and Troshani, Indrit},
 title = {Factors Influencing the Adoption of Personalisation Mobile Services\&\#58; Empirical Evidence from Young Australians},
 journal = {Int. J. Mob. Commun.},
 issue_date = {February 2010},
 volume = {8},
 number = {2},
 month = feb,
 year = {2010},
 issn = {1470-949X},
 pages = {150--168},
 numpages = {19},
 url = {http://dx.doi.org/10.1504/IJMC.2010.031445},
 doi = {10.1504/IJMC.2010.031445},
 acmid = {1718912},
 publisher = {Inderscience Publishers},
 address = {Inderscience Publishers, Geneva, SWITZERLAND},
 keywords = {Australia, m\&\#45;services, mobile communications, mobile services, perceived ease of use, perceived usefulness, performance expectancy, personalisation, technology adoption models},
}