@article{Clancey:2009:WAV:1735591.1735595,
 author = {Clancey, William j. and Sierhuis, Maarten and Seah, Chin},
 title = {Workflow Agents Versus Expert Systems: Problem Solving Methods in Work Systems Design},
 journal = {Artif. Intell. Eng. Des. Anal. Manuf.},
 issue_date = {November 2009},
 volume = {23},
 number = {4},
 month = nov,
 year = {2009},
 issn = {0890-0604},
 pages = {357--371},
 numpages = {15},
 url = {http://dx.doi.org/10.1017/S0890060409990059},
 doi = {10.1017/S0890060409990059},
 acmid = {1735595},
 publisher = {Cambridge University Press},
 address = {New York, NY, USA},
 keywords = {Model-Based Automation, Problem Solving Agent, Situated Cognition, Work Practice Simulation, Work Systems Design},
}