@inproceedings{Macdonald:2009:SLV:1738826.1738858,
 author = {Macdonald, Hugh and Yuille, Jeremy and Stanton, Reuben and Viller, Stephen},
 title = {The Social Life of Visualization},
 booktitle = {Proceedings of the 21st Annual Conference of the Australian Computer-Human Interaction Special Interest Group: Design: Open 24/7},
 series = {OZCHI '09},
 year = {2009},
 isbn = {978-1-60558-854-4},
 location = {Melbourne, Australia},
 pages = {193--200},
 numpages = {8},
 url = {http://doi.acm.org/10.1145/1738826.1738858},
 doi = {10.1145/1738826.1738858},
 acmid = {1738858},
 publisher = {ACM},
 address = {New York, NY, USA},
 keywords = {information visualization, interaction design patterns, object-centred social networks},
}