@article{Spies:2010:OMP:1746732.1746894,
 author = {Spies, Marcus},
 title = {An Ontology Modelling Perspective on Business Reporting},
 journal = {Inf. Syst.},
 issue_date = {June, 2010},
 volume = {35},
 number = {4},
 month = jun,
 year = {2010},
 issn = {0306-4379},
 pages = {404--416},
 numpages = {13},
 url = {http://dx.doi.org/10.1016/j.is.2008.12.003},
 doi = {10.1016/j.is.2008.12.003},
 acmid = {1746894},
 publisher = {Elsevier Science Ltd.},
 address = {Oxford, UK, UK},
 keywords = {Domain engineering, Enterprise information integration and interoperability, Languages for conceptual modelling, Ontological approaches to content and knowledge management, Ontology-based software engineering for enterprise solutions},
}