@inproceedings{Erling:2008:IOS:1789394.1789478,
 author = {Erling, Orri and Mikhailov, Ivan},
 title = {Integrating Open Sources and Relational Data with SPARQL},
 booktitle = {Proceedings of the 5th European Semantic Web Conference on The Semantic Web: Research and Applications},
 series = {ESWC'08},
 year = {2008},
 isbn = {3-540-68233-3, 978-3-540-68233-2},
 location = {Tenerife, Canary Islands, Spain},
 pages = {838--842},
 numpages = {5},
 url = {http://dl.acm.org/citation.cfm?id=1789394.1789478},
 acmid = {1789478},
 publisher = {Springer-Verlag},
 address = {Berlin, Heidelberg},
}