@incollection{Stefanovic:2009:SCB:1793943.1793955,
 author = {Stefanovic, Nenad and Stefanovic, Dusan},
 chapter = {Supply Chain Business Intelligence: Technologies, Issues and Trends},
 title = {Artificial Intelligence},
 editor = {Bramer, Max},
 year = {2009},
 isbn = {3-642-03225-7, 978-3-642-03225-7},
 pages = {217--245},
 numpages = {29},
 url = {http://dl.acm.org/citation.cfm?id=1793943.1793955},
 acmid = {1793955},
 publisher = {Springer-Verlag},
 address = {Berlin, Heidelberg},
}