@inproceedings{Garcia:2010:TLX:1839707.1839711,
 author = {Garc\'{\i}a, Roberto and Gil, Rosa},
 title = {Triplificating and Linking XBRL Financial Data},
 booktitle = {Proceedings of the 6th International Conference on Semantic Systems},
 series = {I-SEMANTICS '10},
 year = {2010},
 isbn = {978-1-4503-0014-8},
 location = {Graz, Austria},
 pages = {3:1--3:8},
 articleno = {3},
 numpages = {8},
 url = {http://doi.acm.org/10.1145/1839707.1839711},
 doi = {10.1145/1839707.1839711},
 acmid = {1839711},
 publisher = {ACM},
 address = {New York, NY, USA},
 keywords = {accounting, business, finance, interoperability, linked data, semantic web},
}