@inproceedings{Bao:2010:RFR:1929574.1929592,
 author = {Bao, Jie and Rong, Graham and Li, Xian and Ding, Li},
 title = {Representing Financial Reports on the Semantic Web: A Faithful Translation from XBRL to OWL},
 booktitle = {Proceedings of the 2010 International Conference on Semantic Web Rules},
 series = {RuleML'10},
 year = {2010},
 isbn = {3-642-16288-6, 978-3-642-16288-6},
 location = {Washington, DC},
 pages = {144--152},
 numpages = {9},
 url = {http://dl.acm.org/citation.cfm?id=1929574.1929592},
 acmid = {1929592},
 publisher = {Springer-Verlag},
 address = {Berlin, Heidelberg},
}