@inproceedings{Lampert:2010:ISI:1930321.1930351,
 author = {Lampert, Sam and Thompson, Kate},
 title = {The Importance of Sharing Information: Using NIEM to Improve Governance in Developing Countries},
 booktitle = {Proceedings of the 4th International Conference on Theory and Practice of Electronic Governance},
 series = {ICEGOV '10},
 year = {2010},
 isbn = {978-1-4503-0058-2},
 location = {Beijing, China},
 pages = {137--142},
 numpages = {6},
 url = {http://doi.acm.org/10.1145/1930321.1930351},
 doi = {10.1145/1930321.1930351},
 acmid = {1930351},
 publisher = {ACM},
 address = {New York, NY, USA},
 keywords = {NIEM, data exchange standards, information sharing},
}