@inproceedings{Bennett:2010:ECS:1937128.1937131,
 author = {Bennett, Michael G.},
 title = {EDM Council Semantics Repository Next Steps: Exploring a Consensus Semantics Framework},
 booktitle = {Ontology-Driven Software Engineering},
 series = {ODiSE'10},
 year = {2010},
 isbn = {978-1-4503-0548-8},
 location = {Reno, Nevada},
 pages = {3:1--3:6},
 articleno = {3},
 numpages = {6},
 url = {http://doi.acm.org/10.1145/1937128.1937131},
 doi = {10.1145/1937128.1937131},
 acmid = {1937131},
 publisher = {ACM},
 address = {New York, NY, USA},
}