@article{Harrison:2010:FSC:1940693.1940694,
 author = {Harrison, C. and Eckman, B. and Hamilton, R. and Hartswick, P. and Kalagnanam, J. and Paraszczak, J. and Williams, P.},
 title = {Foundations for Smarter Cities},
 journal = {IBM J. Res. Dev.},
 issue_date = {July 2010},
 volume = {54},
 number = {4},
 month = jul,
 year = {2010},
 issn = {0018-8646},
 pages = {350--365},
 numpages = {16},
 url = {http://dx.doi.org/10.1147/JRD.2010.2048257},
 doi = {10.1147/JRD.2010.2048257},
 acmid = {1940694},
 publisher = {IBM Corp.},
 address = {Riverton, NJ, USA},
}