@book{Wood:2010:LED:1942003,
 author = {Wood, David},
 title = {Linking Enterprise Data},
 year = {2010},
 isbn = {1441976647, 9781441976642},
 edition = {1st},
 publisher = {Springer-Verlag New York, Inc.},
 address = {New York, NY, USA},
}