@article{Argyrou:2011:STC:1975002.1975133,
 author = {Argyrou, Argyris and Andreev, Andriy},
 title = {A Semi-supervised Tool for Clustering Accounting Databases with Applications to Internal Controls},
 journal = {Expert Syst. Appl.},
 issue_date = {September, 2011},
 volume = {38},
 number = {9},
 month = sep,
 year = {2011},
 issn = {0957-4174},
 pages = {11176--11181},
 numpages = {6},
 url = {http://dx.doi.org/10.1016/j.eswa.2011.02.163},
 doi = {10.1016/j.eswa.2011.02.163},
 acmid = {1975133},
 publisher = {Pergamon Press, Inc.},
 address = {Tarrytown, NY, USA},
 keywords = {Clustering accounting databases, Internal controls, Self-organizing map},
}