@article{Hogan:2011:USE:2001041.2001045,
 author = {Hogan, J. and Meegan, J. and Parmar, R. and Narayan, V. and Schloss, R. J.},
 title = {Using Standards to Enable the Transformation to Smarter Cities},
 journal = {IBM J. Res. Dev.},
 issue_date = {January/March 2011},
 volume = {55},
 number = {1\&2},
 month = jan,
 year = {2011},
 issn = {0018-8646},
 pages = {42--51},
 numpages = {10},
 url = {http://dx.doi.org/10.1147/JRD.2010.2091051},
 doi = {10.1147/JRD.2010.2091051},
 acmid = {2001045},
 publisher = {IBM Corp.},
 address = {Riverton, NJ, USA},
}