@inproceedings{Mayer:2011:MFS:2008579.2008604,
 author = {Mayer, J\"{o}rg H.},
 title = {Managing the Future: Six Guidelines for Designing Environmental Scanning Systems},
 booktitle = {Proceedings of the 6th International Conference on Service-oriented Perspectives in Design Science Research},
 series = {DESRIST'11},
 year = {2011},
 isbn = {978-3-642-20632-0},
 location = {Milwaukee, WI, USA},
 pages = {276--290},
 numpages = {15},
 url = {http://dl.acm.org/citation.cfm?id=2008579.2008604},
 acmid = {2008604},
 publisher = {Springer-Verlag},
 address = {Berlin, Heidelberg},
 keywords = {balanced chance and risk management, corporate business intelligence (BI), corporate management, method design},
}