@article{Watson:2010:ISE:2017447.2017450,
 author = {Watson, Richard T. and Boudreau, Marie-Claude and Chen, Adela J.},
 title = {Information Systems and Environmentally Sustainable Development: Energy Informatics and New Directions for the is Community},
 journal = {MIS Q.},
 issue_date = {March 2010},
 volume = {34},
 number = {1},
 month = mar,
 year = {2010},
 issn = {0276-7783},
 pages = {23--38},
 numpages = {16},
 url = {http://dl.acm.org/citation.cfm?id=2017447.2017450},
 acmid = {2017450},
 publisher = {Society for Information Management and The Management Information Systems Research Center},
 address = {Minneapolis, MN, USA},
 keywords = {IS community, energy informatics, environmental sustainability},
}