@article{Almilia:2011:IFR:2030748.2030751,
 author = {Almilia, Sasongko Budisusetyo; Luciana Spica},
 title = {Internet Financial Reporting on the Web in Indonesian\&\#58; Not Just Technical Problem},
 journal = {Int. J. Bus. Inf. Syst.},
 issue_date = {September 2011},
 volume = {8},
 number = {4},
 month = sep,
 year = {2011},
 issn = {1746-0972},
 pages = {380--395},
 numpages = {16},
 url = {http://dx.doi.org/10.1504/IJBIS.2011.042419},
 doi = {10.1504/IJBIS.2011.042419},
 acmid = {2030751},
 publisher = {Inderscience Publishers},
 address = {Inderscience Publishers, Geneva, SWITZERLAND},
}