@inproceedings{Bharosa:2011:ILC:2035176.2035214,
 author = {Bharosa, Nitesh and van der Voort, Haiko and Hulstijn, Joris and Janssen, Marijn and de Winne, Niels and van Wijk, Remco},
 title = {Impose with Leeway: Combining an Engineering and Learning Approach in the Management of Public-private Collaboration},
 booktitle = {Proceedings of the 10th IFIP WG 8.5 International Conference on Electronic Government},
 series = {EGOV'11},
 year = {2011},
 isbn = {978-3-642-22877-3},
 location = {Delft, The Netherlands},
 pages = {392--403},
 numpages = {12},
 url = {http://dl.acm.org/citation.cfm?id=2035176.2035214},
 acmid = {2035214},
 publisher = {Springer-Verlag},
 address = {Berlin, Heidelberg},
 keywords = {engineering, policy making, public-private collaboration, standard business reporting},
}