@inproceedings{Hulstijn:2011:PPM:2037556.2037577,
 author = {Hulstijn, Joris and van Wijk, Remco and de Winne, Niels and Bharosa, Nitesh and Janssen, Marijn and Tan, Yao-Hua},
 title = {Public Process Management: A Method for Introducing Standard Business Reporting},
 booktitle = {Proceedings of the 12th Annual International Digital Government Research Conference: Digital Government Innovation in Challenging Times},
 series = {dg.o '11},
 year = {2011},
 isbn = {978-1-4503-0762-8},
 location = {College Park, Maryland, USA},
 pages = {141--150},
 numpages = {10},
 url = {http://doi.acm.org/10.1145/2037556.2037577},
 doi = {10.1145/2037556.2037577},
 acmid = {2037577},
 publisher = {ACM},
 address = {New York, NY, USA},
 keywords = {compliance, e-government, financial reporting},
}