@inproceedings{Bharosa:2011:MTS:2037556.2037578,
 author = {Bharosa, Nitesh and van Wijk, Remco and Janssen, Marijn and de Winne, Niels and Hulstijn, Joris},
 title = {Managing the Transformation to Standard Business Reporting: Principles and Lessons Learned from the Netherlands},
 booktitle = {Proceedings of the 12th Annual International Digital Government Research Conference: Digital Government Innovation in Challenging Times},
 series = {dg.o '11},
 year = {2011},
 isbn = {978-1-4503-0762-8},
 location = {College Park, Maryland, USA},
 pages = {151--156},
 numpages = {6},
 url = {http://doi.acm.org/10.1145/2037556.2037578},
 doi = {10.1145/2037556.2037578},
 acmid = {2037578},
 publisher = {ACM},
 address = {New York, NY, USA},
 keywords = {XBRL, standard business reporting, transformation principles},
}