@inproceedings{Scifleet:2011:UDP:2042536.2042574,
 author = {Scifleet, Paul and Williams, Susan P.},
 title = {Understanding Documentary Practice: Lessons Learnt from the Text Encoding Initiative},
 booktitle = {Proceedings of the 15th International Conference on Theory and Practice of Digital Libraries: Research and Advanced Technology for Digital Libraries},
 series = {TPDL'11},
 year = {2011},
 isbn = {978-3-642-24468-1},
 location = {Berlin, Germany},
 pages = {272--283},
 numpages = {12},
 url = {http://dl.acm.org/citation.cfm?id=2042536.2042574},
 acmid = {2042574},
 publisher = {Springer-Verlag},
 address = {Berlin, Heidelberg},
}