@inproceedings{Hrebicek:2011:CPE:2042791.2042855,
 author = {H\v{r}eb\'{\i}\v{c}ek, Ji\v{r}\'{\i} and \v{S}tencl, Michael and Trenz, Old\v{r}ich and Soukopov\'{a}, Jana},
 title = {Corporate Performance Evaluation and Reporting},
 booktitle = {Proceedings of the 11th WSEAS International Conference on Applied Informatics and Communications, and Proceedings of the 4th WSEAS International Conference on Biomedical Electronics and Biomedical Informatics, and Proceedings of the International Conference on Computational Engineering in Systems Applications},
 series = {AIASABEBI'11},
 year = {2011},
 isbn = {978-1-61804-028-2},
 location = {Florence, Italy},
 pages = {338--343},
 numpages = {6},
 url = {http://dl.acm.org/citation.cfm?id=2042791.2042855},
 acmid = {2042855},
 publisher = {World Scientific and Engineering Academy and Society (WSEAS)},
 address = {Stevens Point, Wisconsin, USA},
 keywords = {ESG performance, GRI, UN global compact, UNEP FI, key performance indicators, performance evaluation, sustainability reporting},
}