@incollection{Cappello:2011:QAS:2043021.2043052,
 author = {Cappello, Igor and Clark, Allan and Gilmore, Stephen and Latella, Diego and Loreti, Michele and Quaglia, Paola and Schivo, Stefano},
 chapter = {Quantitative Analysis of Services},
 title = {Rigorous Software Engineering for Service-oriented Systems},
 editor = {Wirsing, Martin and H\"{o}lzl, Matthias},
 year = {2011},
 isbn = {978-3-642-20400-5},
 pages = {522--540},
 numpages = {19},
 url = {http://dl.acm.org/citation.cfm?id=2043021.2043052},
 acmid = {2043052},
 publisher = {Springer-Verlag},
 address = {Berlin, Heidelberg},
}