@inproceedings{Spohr:2011:MLA:2063016.2063059,
 author = {Spohr, Dennis and Hollink, Laura and Cimiano, Philipp},
 title = {A Machine Learning Approach to Multilingual and Cross-lingual Ontology Matching},
 booktitle = {Proceedings of the 10th International Conference on The Semantic Web - Volume Part I},
 series = {ISWC'11},
 year = {2011},
 isbn = {978-3-642-25072-9},
 location = {Bonn, Germany},
 pages = {665--680},
 numpages = {16},
 url = {http://dl.acm.org/citation.cfm?id=2063016.2063059},
 acmid = {2063059},
 publisher = {Springer-Verlag},
 address = {Berlin, Heidelberg},
 keywords = {interoperability of financial information, machine learning, multilingual and cross-lingual ontology matching},
}