@article{Bonson:2011:BET:2071276.2071277,
 author = {Bonson, Enrique and Escobar, Tomas and Flores, Francisco},
 title = {BaselMapper: An Experimental Tool for Managing Operational Risk in Banks},
 journal = {Int. J. Metadata Semant. Ontologies},
 issue_date = {September 2011},
 volume = {6},
 number = {1},
 month = sep,
 year = {2011},
 issn = {1744-2621},
 pages = {1--9},
 numpages = {9},
 url = {http://dx.doi.org/10.1504/IJMSO.2011.042486},
 doi = {10.1504/IJMSO.2011.042486},
 acmid = {2071277},
 publisher = {Inderscience Publishers},
 address = {Inderscience Publishers, Geneva, SWITZERLAND},
}