@inproceedings{Bharosa:2011:TLU:2072069.2072095,
 author = {Bharosa, Nitesh and Janssen, Marijn and Hulstijn, Joris and van Wijk, Remco and de Winne, Niels and Tan, Yao-hua},
 title = {Towards a Lean-government Using New IT-architectures for Compliance Monitoring},
 booktitle = {Proceedings of the 5th International Conference on Theory and Practice of Electronic Governance},
 series = {ICEGOV '11},
 year = {2011},
 isbn = {978-1-4503-0746-8},
 location = {Tallinn, Estonia},
 pages = {147--156},
 numpages = {10},
 url = {http://doi.acm.org/10.1145/2072069.2072095},
 doi = {10.1145/2072069.2072095},
 acmid = {2072095},
 publisher = {ACM},
 address = {New York, NY, USA},
 keywords = {IT-architectures, continuous control monitoring, information exchange, lean-government, standard business reporting},
}