@inproceedings{Spies:2011:RDM:2075505.2075508,
 author = {Spies, Marcus},
 title = {Rule-enhanced Domain Models for Cloud Security Governance, Risk and Compliance Management},
 booktitle = {Proceedings of the 5th International Conference on Rule-based Modeling and Computing on the Semantic Web},
 series = {RuleML'11},
 year = {2011},
 isbn = {978-3-642-24907-5},
 location = {Ft. Lauderdale, FL, USA},
 pages = {2--9},
 numpages = {8},
 url = {http://dl.acm.org/citation.cfm?id=2075505.2075508},
 acmid = {2075508},
 publisher = {Springer-Verlag},
 address = {Berlin, Heidelberg},
}