@article{Troshani:2011:OAE:2075986.2075990,
 author = {Troshani, Indrit and Rampersad, Giselle and Plewa, Carolin},
 title = {Organisational Adoption of e-Business: The Case of an Innovation Management Tool at a University and Technology Transfer Office},
 journal = {Int. J. Netw. Virtual Organ.},
 issue_date = {September 2011},
 volume = {9},
 number = {3},
 month = sep,
 year = {2011},
 issn = {1470-9503},
 pages = {265--282},
 numpages = {18},
 url = {http://dx.doi.org/10.1504/IJNVO.2011.042483},
 doi = {10.1504/IJNVO.2011.042483},
 acmid = {2075990},
 publisher = {Inderscience Publishers},
 address = {Inderscience Publishers, Geneva, SWITZERLAND},
}