@inproceedings{Yammeesri:2010:OAI:2075005.2075012,
 author = {Yammeesri, Jira and Kang, Seung Hwan and Lau, Sim Kim},
 title = {Ontology-driven Accounting Information System: Case Study of the Stock Exchange of Thailand},
 booktitle = {Proceedings of the 5th International Conference on Knowledge, Information, and Creativity Support Systems},
 series = {KICSS'10},
 year = {2011},
 isbn = {978-3-642-24787-3},
 location = {Chiang Mai, Thailand},
 pages = {68--27},
 numpages = {-40},
 url = {http://dl.acm.org/citation.cfm?id=2075005.2075012},
 acmid = {2075012},
 publisher = {Springer-Verlag},
 address = {Berlin, Heidelberg},
 keywords = {AIS, corporate governance, ontology, semantic web},
}