@article{Zhao:2011:MFC:2139893.2139905,
 author = {Zhao, Kexin and Xia, Mu and Shaw, Michael},
 title = {What Motivates Firms to Contribute to Consortium-Based E-Business Standardization?},
 journal = {J. Manage. Inf. Syst.},
 issue_date = {Number 2 / Fall 2011},
 volume = {28},
 number = {2},
 month = oct,
 year = {2011},
 issn = {0742-1222},
 pages = {305--334},
 numpages = {30},
 url = {http://dx.doi.org/10.2753/MIS0742-1222280211},
 doi = {10.2753/MIS0742-1222280211},
 acmid = {2139905},
 publisher = {M. E. Sharpe, Inc.},
 address = {Armonk, NY, USA},
 keywords = {Collective Action Theory, E-Business Standards, It Vendors, Motivations To Contribute, Standard Consortia, User Organizations},
}