@article{Callaghan:2012:MBA:2213636.2213640,
 author = {Callaghan, Joseph H. and Nehmer, Robert A. and Sugumaran, Vijayan},
 title = {Modelling Business Applications with XBRL and UML},
 journal = {Int. J. Bus. Inf. Syst.},
 issue_date = {May 2012},
 volume = {10},
 number = {1},
 month = may,
 year = {2012},
 issn = {1746-0972},
 pages = {68--92},
 numpages = {25},
 url = {http://dx.doi.org/10.1504/IJBIS.2012.046681},
 doi = {10.1504/IJBIS.2012.046681},
 acmid = {2213640},
 publisher = {Inderscience Publishers},
 address = {Inderscience Publishers, Geneva, SWITZERLAND},
}