@article{Gonzalez-Carrasco:2012:PPB:2228626.2228797,
 author = {Gonzalez-Carrasco, Israel and Colomo-Palacios, Ricardo and Lopez-Cuadrado, Jose Luis and Garc\ia-Crespo, \'{A}ngel and Ruiz-Mezcua, Bel{\'e}n},
 title = {PB-ADVISOR: A Private Banking Multi-investment Portfolio Advisor},
 journal = {Inf. Sci.},
 issue_date = {November, 2012},
 volume = {206},
 month = nov,
 year = {2012},
 issn = {0020-0255},
 pages = {63--82},
 numpages = {20},
 url = {http://dx.doi.org/10.1016/j.ins.2012.04.008},
 doi = {10.1016/j.ins.2012.04.008},
 acmid = {2228797},
 publisher = {Elsevier Science Inc.},
 address = {New York, NY, USA},
 keywords = {Fuzzy logic, Investment portfolio, Recommender system, Semantic technology},
}