@article{Lorca:2012:SCD:2274636.2274638,
 author = {Lorca, Pedro and Andr\&\#x00e9;es, Javier De and Mart\&\#x00ed;nez, Ana B.},
 title = {Size and Culture As Determinants of the Web Policy of Listed Firms: The Case of Web Accessibility in Western European Countries},
 journal = {J. Am. Soc. Inf. Sci. Technol.},
 issue_date = {February 2012},
 volume = {63},
 number = {2},
 month = feb,
 year = {2012},
 issn = {1532-2882},
 pages = {392--405},
 numpages = {14},
 url = {http://dx.doi.org/10.1002/asi.21650},
 doi = {10.1002/asi.21650},
 acmid = {2274638},
 publisher = {John Wiley \&amp; Sons, Inc.},
 address = {New York, NY, USA},
 keywords = {Europe, adaptive technologies, information architecture, organizational culture, organizational environment},
}