@article{Youngberg:2009:DPA:2297508.2297704,
 author = {Youngberg, Elaine and Olsen, David and Hauser, Karina},
 title = {Determinants of Professionally Autonomous End User Acceptance in an Enterprise Resource Planning System Environment},
 journal = {Int. J. Inf. Manag.},
 issue_date = {April, 2009},
 volume = {29},
 number = {2},
 month = apr,
 year = {2009},
 issn = {0268-4012},
 pages = {138--144},
 numpages = {7},
 url = {http://dx.doi.org/10.1016/j.ijinfomgt.2008.06.001},
 doi = {10.1016/j.ijinfomgt.2008.06.001},
 acmid = {2297704},
 publisher = {Elsevier Science Publishers B. V.},
 address = {Amsterdam, The Netherlands, The Netherlands},
 keywords = {Enterprise resource planning, Professionally autonomous end users, Technology acceptance model},
}