@inproceedings{Klievink:2012:BPB:2307729.2307758,
 author = {Klievink, Bram and Janssen, Marijn and Tan, Yao-Hua},
 title = {Blurring Public-private Boundaries: Governance of Information Sharing in Global Trade Networks},
 booktitle = {Proceedings of the 13th Annual International Conference on Digital Government Research},
 series = {dg.o '12},
 year = {2012},
 isbn = {978-1-4503-1403-9},
 location = {College Park, Maryland, USA},
 pages = {183--191},
 numpages = {9},
 url = {http://doi.acm.org/10.1145/2307729.2307758},
 doi = {10.1145/2307729.2307758},
 acmid = {2307758},
 publisher = {ACM},
 address = {New York, NY, USA},
 keywords = {data sharing, global trade, governance, infrastructure, networks, public-private collaboration},
}