@article{Meilicke:2012:MBM:2388126.2388324,
 author = {Meilicke, Christian and Garc\'{\i}A-Castro, Ra\'{u}L and Freitas, Fred and Van Hage, Willem Robert and Montiel-Ponsoda, Elena and Ribeiro De Azevedo, Ryan and Stuckenschmidt, Heiner and \v{S}V\'{a}B-Zamazal, Ond\v{r}Ej and Sv\'{a}Tek, Vojtch and Tamilin, Andrei and Trojahn, C\'{a}Ssia and Wang, Shenghui},
 title = {MultiFarm: A Benchmark for Multilingual Ontology Matching},
 journal = {Web Semant.},
 issue_date = {September, 2012},
 volume = {15},
 month = sep,
 year = {2012},
 issn = {1570-8268},
 pages = {62--68},
 numpages = {7},
 url = {http://dx.doi.org/10.1016/j.websem.2012.04.001},
 doi = {10.1016/j.websem.2012.04.001},
 acmid = {2388324},
 publisher = {Elsevier Science Publishers B. V.},
 address = {Amsterdam, The Netherlands, The Netherlands},
 keywords = {Benchmarking, Data integration, Multilingualism, Ontology matching},
}