@article{Du:2012:IFD:2397716.2397769,
 author = {Du, Jie and Zhou, Lina},
 title = {Improving Financial Data Quality Using Ontologies},
 journal = {Decis. Support Syst.},
 issue_date = {December, 2012},
 volume = {54},
 number = {1},
 month = dec,
 year = {2012},
 issn = {0167-9236},
 pages = {76--86},
 numpages = {11},
 url = {http://dx.doi.org/10.1016/j.dss.2012.04.016},
 doi = {10.1016/j.dss.2012.04.016},
 acmid = {2397769},
 publisher = {Elsevier Science Publishers B. V.},
 address = {Amsterdam, The Netherlands, The Netherlands},
 keywords = {Data quality, Financial decision-making, Ontology, Ontology mapping, Portfolio management},
}