@article{Hamlen:2013:DSS:2396900.2397075,
 author = {Hamlen, Kevin W. and Thuraisingham, Bhavani},
 title = {Data Security Services, Solutions and Standards for Outsourcing},
 journal = {Comput. Stand. Interfaces},
 issue_date = {January, 2013},
 volume = {35},
 number = {1},
 month = jan,
 year = {2013},
 issn = {0920-5489},
 pages = {1--5},
 numpages = {5},
 url = {http://dx.doi.org/10.1016/j.csi.2012.02.001},
 doi = {10.1016/j.csi.2012.02.001},
 acmid = {2397075},
 publisher = {Elsevier Science Publishers B. V.},
 address = {Amsterdam, The Netherlands, The Netherlands},
 keywords = {Access control, Identity management, Inference control, Mobile code security, Web services},
}