@inproceedings{Ghahremanloo:2012:ODH:2407085.2407095,
 author = {Ghahremanloo, Lida and Thom, James A. and Magee, Liam},
 title = {An Ontology Derived from Heterogeneous Sustainability Indicator Set Documents},
 booktitle = {Proceedings of the Seventeenth Australasian Document Computing Symposium},
 series = {ADCS '12},
 year = {2012},
 isbn = {978-1-4503-1411-4},
 location = {Dunedin, New Zealand},
 pages = {72--79},
 numpages = {8},
 url = {http://doi.acm.org/10.1145/2407085.2407095},
 doi = {10.1145/2407085.2407095},
 acmid = {2407095},
 publisher = {ACM},
 address = {New York, NY, USA},
 keywords = {ontology engineering, ontology evaluation, sustainability indicators},
}