@article{Otto:2012:CFS:2423740.2423824,
 author = {Otto, Boris and Folmer, Erwin and Ebner, Verena},
 title = {A Characteristics Framework for Semantic Information Systems Standards},
 journal = {Inf. Syst. E-bus. Manag.},
 issue_date = {December  2012},
 volume = {10},
 number = {4},
 month = dec,
 year = {2012},
 issn = {1617-9846},
 pages = {571--602},
 numpages = {32},
 url = {http://dx.doi.org/10.1007/s10257-011-0183-3},
 doi = {10.1007/s10257-011-0183-3},
 acmid = {2423824},
 publisher = {Springer-Verlag New York, Inc.},
 address = {Secaucus, NJ, USA},
 keywords = {Case study research, Framework design, Semantic IS Standards, Standardization},
}