@article{Abrahams:2013:CCE:2422999.2423123,
 author = {Abrahams, Alan S. and Barkhi, Reza},
 title = {Concept Comparison Engines},
 journal = {Decis. Support Syst.},
 issue_date = {January, 2013},
 volume = {54},
 number = {2},
 month = jan,
 year = {2013},
 issn = {0167-9236},
 pages = {904--918},
 numpages = {15},
 url = {http://dx.doi.org/10.1016/j.dss.2012.09.014},
 doi = {10.1016/j.dss.2012.09.014},
 acmid = {2423123},
 publisher = {Elsevier Science Publishers B. V.},
 address = {Amsterdam, The Netherlands, The Netherlands},
 keywords = {Preferential choice, Search engine, Text mining},
}