@article{Rodriguez-Gonzalez:2012:FFA:2424857.2424901,
 author = {Rodr\'{\i}guez-Gonz\'{a}lez, Alejandro and Colomo-Palacios, Ricardo and Guldris-Iglesias, Fernando and G\'{o}mez-Berb\'{\i}s, Juan Miguel and Garc\'{\i}a-Crespo, Angel},
 title = {FAST: Fundamental Analysis Support for Financial Statements. Using Semantics for Trading Recommendations},
 journal = {Information Systems Frontiers},
 issue_date = {December  2012},
 volume = {14},
 number = {5},
 month = dec,
 year = {2012},
 issn = {1387-3326},
 pages = {999--1017},
 numpages = {19},
 url = {http://dx.doi.org/10.1007/s10796-011-9321-1},
 doi = {10.1007/s10796-011-9321-1},
 acmid = {2424901},
 publisher = {Kluwer Academic Publishers},
 address = {Hingham, MA, USA},
 keywords = {Fundamental analysis, Reasoning, Semantic technologies, Trading system},
}