@article{Wenger:2013:FRC:2434292.2434294,
 author = {Wenger, Mitchell R. and Thomas, Manoj A. and Babb, Jeffry Stephen},
 title = {Financial Reporting Comparability: Toward an XBRL Ontology of the FASB\&\#47;IFRS Conceptual Framework},
 journal = {Int. J. Electron. Financ.},
 issue_date = {January 2013},
 volume = {7},
 number = {1},
 month = jan,
 year = {2013},
 issn = {1746-0069},
 pages = {15--32},
 numpages = {18},
 url = {http://dx.doi.org/10.1504/IJEF.2013.051754},
 doi = {10.1504/IJEF.2013.051754},
 acmid = {2434294},
 publisher = {Inderscience Publishers},
 address = {Inderscience Publishers, Geneva, SWITZERLAND},
}