@article{Zhu:2011:IXF:2438604.2438607,
 author = {Zhu, Hongwei and Wu, Harris},
 title = {Interoperability of XBRL Financial Statements in the U.S.},
 journal = {Int. J. E-Bus. Res.},
 issue_date = {April 2011},
 volume = {7},
 number = {2},
 month = apr,
 year = {2011},
 issn = {1548-1131},
 pages = {19--33},
 numpages = {15},
 url = {http://dx.doi.org/10.4018/jebr.2011040103},
 doi = {10.4018/jebr.2011040103},
 acmid = {2438607},
 publisher = {IGI Global},
 address = {Hershey, PA, USA},
 keywords = {Data Quality, GAAP Taxonomy, Interoperability, Long Tail, XBRL},
}