@article{Ahmadpour:2011:IGD:2438604.2438606,
 author = {Ahmadpour, Ahmad},
 title = {The Improvement of Governance Decision Making Using XBRL},
 journal = {Int. J. E-Bus. Res.},
 issue_date = {April 2011},
 volume = {7},
 number = {2},
 month = apr,
 year = {2011},
 issn = {1548-1131},
 pages = {11--18},
 numpages = {8},
 url = {http://dx.doi.org/10.4018/jebr.2011040102},
 doi = {10.4018/jebr.2011040102},
 acmid = {2438606},
 publisher = {IGI Global},
 address = {Hershey, PA, USA},
 keywords = {Corporate Governance, Decision Making, Financial Information, Transparency, eXtensible Business Reporting Language XBRL},
}