@article{Satoh:2011:XTE:2438604.2438608,
 author = {Satoh, Fumiko},
 title = {XBRL Taxonomy for Estimating the Effects of Greenhouse Gas Emissions on Corporate Financial Positions},
 journal = {Int. J. E-Bus. Res.},
 issue_date = {April 2011},
 volume = {7},
 number = {2},
 month = apr,
 year = {2011},
 issn = {1548-1131},
 pages = {34--55},
 numpages = {22},
 url = {http://dx.doi.org/10.4018/jebr.2011040104},
 doi = {10.4018/jebr.2011040104},
 acmid = {2438608},
 publisher = {IGI Global},
 address = {Hershey, PA, USA},
 keywords = {Business Data Processing, Data Integration, Environmental Impact Assessment, Environmental Reporting, Finance, Information Systems, XML},
}