@article{Madden:2011:GAL:2438604.2438605,
 author = {Madden, Paul},
 title = {Greater Accountability, Less Red Tape: The Australian Standard Business Reporting Experience},
 journal = {Int. J. E-Bus. Res.},
 issue_date = {April 2011},
 volume = {7},
 number = {2},
 month = apr,
 year = {2011},
 issn = {1548-1131},
 pages = {1--10},
 numpages = {10},
 url = {http://dx.doi.org/10.4018/jebr.2011040101},
 doi = {10.4018/jebr.2011040101},
 acmid = {2438605},
 publisher = {IGI Global},
 address = {Hershey, PA, USA},
 keywords = {Collaborative Processes, Community Standards-Based Systems, E-Government, SBR Program, eXtensible Business Reporting Language},
}