@article{CaetanodaSilva:2012:APO:2438575.2438578,
 author = {Caetano da Silva, Paulo and Times, Val{\'e}ria Ces\'{a}rio and Ciferri, Ricardo Rodrigues and Ciferri, Cristina Dutra de Aguiar},
 title = {Analytical Processing Over XML and XLink},
 journal = {Int. J. Data Warehous. Min.},
 issue_date = {January 2012},
 volume = {8},
 number = {1},
 month = jan,
 year = {2012},
 issn = {1548-3924},
 pages = {52--92},
 numpages = {41},
 url = {http://dx.doi.org/10.4018/jdwm.2012010103},
 doi = {10.4018/jdwm.2012010103},
 acmid = {2438578},
 publisher = {IGI Global},
 address = {Hershey, PA, USA},
 keywords = {Link-Based and Multidimensional Query Language LMDQL, On-Line Analytical Processing OLAP, XLPath, XLink-Based Multidimensional Metamodel XLDM, XML Linking Language XLink, eXtensible Markup Language XML},
}