@article{Ravichandran:2010:EEA:2439235.2439239,
 author = {Ravichandran, T. and Mendoza, Rub{\'e}n A.},
 title = {An Empirical Evaluation of the Assimilation of Industry-Specific Data Standards Using Firm-Level and Community-Level Constructs},
 journal = {Int. J. Enterp. Inf. Syst.},
 issue_date = {April 2010},
 volume = {6},
 number = {2},
 month = apr,
 year = {2010},
 issn = {1548-1115},
 pages = {58--81},
 numpages = {24},
 url = {http://dx.doi.org/10.4018/jeis.2010040104},
 doi = {10.4018/jeis.2010040104},
 acmid = {2439239},
 publisher = {IGI Global},
 address = {Hershey, PA, USA},
 keywords = {Assimilation, Complex Networked Technologies, Technology Assimilation, Vertical Standards, eXtensible Markup Language XML},
}