@article{Janssen:2011:TPN:2442042.2442045,
 author = {Janssen, Marijn and Bharosa, Nitesh and de Winne, Niels and van Wijk, Remco and Hulstijn, Joris},
 title = {Transforming Public-Private Networks An XBRL-Based Infrastructure for Transforming Business-to-Government Information Exchange},
 journal = {Int. J. Electron. Gov. Res.},
 issue_date = {October 2011},
 volume = {7},
 number = {4},
 month = oct,
 year = {2011},
 issn = {1548-3886},
 pages = {35--45},
 numpages = {11},
 url = {http://dx.doi.org/10.4018/jegr.2011100103},
 doi = {10.4018/jegr.2011100103},
 acmid = {2442045},
 publisher = {IGI Global},
 address = {Hershey, PA, USA},
 keywords = {E-government, Extensible Business Reporting Language XBRL, Information Exchange, Information Intermediaries, Infrastructure, Standard Business Reporting SBR, Transformation},
}