@article{Jiang:2009:WCG:2445143.2445146,
 author = {Jiang, Yabing and Raghupathi, Viju and Raghupathi, Wullianallur},
 title = {Web-Based Corporate Governance Information Disclosure: An Empirical Investigation},
 journal = {Inf. Resour. Manage. J.},
 issue_date = {April 2009},
 volume = {22},
 number = {2},
 month = apr,
 year = {2009},
 issn = {1040-1628},
 pages = {50--68},
 numpages = {19},
 url = {http://dx.doi.org/10.4018/irmj.2009092203},
 doi = {10.4018/irmj.2009092203},
 acmid = {2445146},
 publisher = {IGI Global},
 address = {Hershey, PA, USA},
}