@article{Jiang:2010:ICG:2448333.2448334,
 author = {Jiang, Yabing and Raghupathi, Wullianallur},
 title = {IT-Enabled Corporate Governance: The Characteristics and Determinants of Web-based Corporate Governance Disclosures},
 journal = {Inf. Resour. Manage. J.},
 issue_date = {October 2010},
 volume = {23},
 number = {4},
 month = oct,
 year = {2010},
 issn = {1040-1628},
 pages = {1--20},
 numpages = {20},
 url = {http://dx.doi.org/10.4018/irmj.2010100101},
 doi = {10.4018/irmj.2010100101},
 acmid = {2448334},
 publisher = {IGI Global},
 address = {Hershey, PA, USA},
 keywords = {Corporate Governance, Disclosure, Information Technology, Transparency, Web Page Content, Web Page Design},
}