@article{Mendoza:2012:ESI:2448860.2448864,
 author = {Mendoza, Rub{\'e}n A.},
 title = {An Exploratory Study of Infrastructure Barriers and the Role of Semantic Data Exchange Technologies in the Provisioning of Business Intelligence Services},
 journal = {Int. J. Strateg. Inf. Technol. Appl.},
 issue_date = {July 2012},
 volume = {3},
 number = {3},
 month = jul,
 year = {2012},
 issn = {1947-3095},
 pages = {45--59},
 numpages = {15},
 url = {http://dx.doi.org/10.4018/jsita.2012070104},
 doi = {10.4018/jsita.2012070104},
 acmid = {2448864},
 publisher = {IGI Global},
 address = {Hershey, PA, USA},
 keywords = {Architecture, Business Intelligence, Extensible Markup Language XML, Infrastructure, Operational Business Intelligence, Service Provisioning},
}