@inproceedings{Luna-Reyes:2012:BOG:2463728.2463730,
 author = {Luna-Reyes, Luis F. and Pardo, Theresa A. and Sayogo, Djoko Sigit and Tayi, Giri Kumar and Andersen, David F. and Zhang, Jing and Hrdinova, Jana},
 title = {Beyond Open Government: Ontologies and Data Architectures to Support Ethical Consumption},
 booktitle = {Proceedings of the 6th International Conference on Theory and Practice of Electronic Governance},
 series = {ICEGOV '12},
 year = {2012},
 isbn = {978-1-4503-1200-4},
 location = {Albany, New York, USA},
 pages = {1--4},
 numpages = {4},
 url = {http://doi.acm.org/10.1145/2463728.2463730},
 doi = {10.1145/2463728.2463730},
 acmid = {2463730},
 publisher = {ACM},
 address = {New York, NY, USA},
 keywords = {ethical consumption, private sector transparency, supply-chain, sustainability},
}