@article{Curry:2013:LBD:2467339.2467488,
 author = {Curry, Edward and O'Donnell, James and Corry, Edward and Hasan, Souleiman and Keane, Marcus and O'Riain, Se\'{a}N},
 title = {Linking Building Data in the Cloud: Integrating Cross-domain Building Data Using Linked Data},
 journal = {Adv. Eng. Inform.},
 issue_date = {April, 2013},
 volume = {27},
 number = {2},
 month = apr,
 year = {2013},
 issn = {1474-0346},
 pages = {206--219},
 numpages = {14},
 url = {http://dx.doi.org/10.1016/j.aei.2012.10.003},
 doi = {10.1016/j.aei.2012.10.003},
 acmid = {2467488},
 publisher = {Elsevier Science Publishers B. V.},
 address = {Amsterdam, The Netherlands, The Netherlands},
 keywords = {Building energy analysis, Building information model, Building management, Data as a service, Data interoperability, Linked data},
}