@inproceedings{Bharosa:2013:DMP:2479724.2479747,
 author = {Bharosa, Nitesh and Janssen, Marijn and Klievink, Bram and Tan, Yao-hua},
 title = {Developing Multi-sided Platforms for Public-private Information Sharing: Design Observations from Two Case Studies},
 booktitle = {Proceedings of the 14th Annual International Conference on Digital Government Research},
 series = {dg.o '13},
 year = {2013},
 isbn = {978-1-4503-2057-3},
 location = {Quebec, Canada},
 pages = {146--155},
 numpages = {10},
 url = {http://doi.acm.org/10.1145/2479724.2479747},
 doi = {10.1145/2479724.2479747},
 acmid = {2479747},
 publisher = {ACM},
 address = {New York, NY, USA},
 keywords = {design observations, multi-sided information platforms, standard business reporting, supply chains},
}