@book{Barry:2013:WSS:2500959,
 author = {Barry, Douglas K.},
 title = {Web Services, Service-Oriented Architectures, and Cloud Computing, Second Edition: The Savvy Manager's Guide},
 year = {2013},
 isbn = {0123983576, 9780123983572},
 edition = {2nd},
 publisher = {Morgan Kaufmann Publishers Inc.},
 address = {San Francisco, CA, USA},
}