@article{Troshani:2013:MSR:2505794.2505796,
 author = {Troshani, Indrit and Rampersad, Giselle and Wickramasinghe, Nilmini},
 title = {Managing SaaS Risk in Higher Education Organisations: A Case Study},
 journal = {Int. J. E-Bus. Res.},
 issue_date = {April 2013},
 volume = {9},
 number = {2},
 month = apr,
 year = {2013},
 issn = {1548-1131},
 pages = {8--23},
 numpages = {16},
 url = {http://dx.doi.org/10.4018/jebr.2013040102},
 doi = {10.4018/jebr.2013040102},
 acmid = {2505796},
 publisher = {IGI Global},
 address = {Hershey, PA, USA},
 keywords = {Adoption, Higher Education, Information and Communication Technology ICT, Risk, Software-as-a-Service SaaS},
}