@inproceedings{Boella:2013:MLI:2514601.2514605,
 author = {Boella, Guido and Janssen, Marijn and Hulstijn, Joris and Humphreys, Llio and van der Torre, Leendert},
 title = {Managing Legal Interpretation in Regulatory Compliance},
 booktitle = {Proceedings of the Fourteenth International Conference on Artificial Intelligence and Law},
 series = {ICAIL '13},
 year = {2013},
 isbn = {978-1-4503-2080-1},
 location = {Rome, Italy},
 pages = {23--32},
 numpages = {10},
 url = {http://doi.acm.org/10.1145/2514601.2514605},
 doi = {10.1145/2514601.2514605},
 acmid = {2514605},
 publisher = {ACM},
 address = {New York, NY, USA},
}