@article{Liu:2013:XNG:2525247.2525251,
 author = {Liu, Chunhui},
 title = {XBRL: A New Global Paradigm for Business Financial Reporting},
 journal = {J. Glob. Inf. Manage.},
 issue_date = {July 2013},
 volume = {21},
 number = {3},
 month = jul,
 year = {2013},
 issn = {1062-7375},
 pages = {60--80},
 numpages = {21},
 url = {http://dx.doi.org/10.4018/jgim.2013070104},
 doi = {10.4018/jgim.2013070104},
 acmid = {2525251},
 publisher = {IGI Global},
 address = {Hershey, PA, USA},
 keywords = {Business Financial Reporting, Culture, Global Standards, Iacovou et al. Model, Information Technology, Review, Signaling, Technology Acceptance Model, Theory of Planned Behavior, Theory of Reasoned Action, XBRL eXtensible Business Reporting Language},
}