@inproceedings{Mota:2013:SEX:2526188.2526222,
 author = {Mota, Marta and da Silva, Paulo Caetano and Viana, Sidney},
 title = {Similarity Evaluation in XML Schema and XLink},
 booktitle = {Proceedings of the 19th Brazilian Symposium on Multimedia and the Web},
 series = {WebMedia '13},
 year = {2013},
 isbn = {978-1-4503-2559-2},
 location = {Salvador, Brazil},
 pages = {153--156},
 numpages = {4},
 url = {http://doi.acm.org/10.1145/2526188.2526222},
 doi = {10.1145/2526188.2526222},
 acmid = {2526222},
 publisher = {ACM},
 address = {New York, NY, USA},
 keywords = {XBRL, XLink, data management, duplicate detection, similarity evaluation},
}