@article{Tsui:2014:KEI:2560969.2561392,
 author = {Tsui, Eric and Wang, W. M. and Cai, Linlin and Cheung, C. F. and Lee, W. B.},
 title = {Knowledge-based Extraction of Intellectual Capital-related Information from Unstructured Data},
 journal = {Expert Syst. Appl.},
 issue_date = {March, 2014},
 volume = {41},
 number = {4},
 month = mar,
 year = {2014},
 issn = {0957-4174},
 pages = {1315--1325},
 numpages = {11},
 url = {http://dx.doi.org/10.1016/j.eswa.2013.08.029},
 doi = {10.1016/j.eswa.2013.08.029},
 acmid = {2561392},
 publisher = {Pergamon Press, Inc.},
 address = {Tarrytown, NY, USA},
 keywords = {Case-based reasoning, Information extraction, Intellectual capital management, Knowledge-based systems, Unstructured information management},
}