@article{Mayer:2013:MAE:2584130.2584163,
 author = {Mayer, J\"{o}rg H. and Steinecke, Neon and Quick, Reiner and Weitzel, Timm},
 title = {More Applicable Environmental Scanning Systems Leveraging "Modern" Information Systems},
 journal = {Inf. Syst. E-bus. Manag.},
 issue_date = {December  2013},
 volume = {11},
 number = {4},
 month = dec,
 year = {2013},
 issn = {1617-9846},
 pages = {507--540},
 numpages = {34},
 url = {http://dx.doi.org/10.1007/s10257-012-0207-7},
 doi = {10.1007/s10257-012-0207-7},
 acmid = {2584163},
 publisher = {Springer-Verlag New York, Inc.},
 address = {Secaucus, NJ, USA},
 keywords = {"Modern" information system technology, Balanced threat and opportunity management, Corporate management, Information systems (IS) design},
}