@article{Novikov:2013:PAS:2584315.2584318,
 author = {Novikov, Boris and Pigul, Alice and Yarygina, Anna},
 title = {A Performance Analysis of Semantic Caching for XML Query Processing},
 journal = {Int. J. Knowledge-Based Organ.},
 issue_date = {October 2013},
 volume = {3},
 number = {4},
 month = oct,
 year = {2013},
 issn = {2155-6393},
 pages = {40--60},
 numpages = {21},
 url = {http://dx.doi.org/10.4018/ijkbo.2013100103},
 doi = {10.4018/ijkbo.2013100103},
 acmid = {2584318},
 publisher = {IGI Global},
 address = {Hershey, PA, USA},
 keywords = {Distributed Systems, Extensible Markup Language XML, Heterogeneous Resources, Information Systems, Performance, Query Processing, Semantic Caching, Semi-Structured Data},
}