@article{Pathak:2013:EBR:2584269.2584276,
 author = {Pathak, Jagdish},
 title = {Extensible Business Reporting Language XBRL: Potential of Research in XBRL As a Social Artifact-An Essay},
 journal = {Int. J. Enterp. Inf. Syst.},
 issue_date = {October 2013},
 volume = {9},
 number = {4},
 month = oct,
 year = {2013},
 issn = {1548-1115},
 pages = {99--102},
 numpages = {4},
 url = {http://dx.doi.org/10.4018/ijeis.2013100107},
 doi = {10.4018/ijeis.2013100107},
 acmid = {2584276},
 publisher = {IGI Global},
 address = {Hershey, PA, USA},
 keywords = {Artifacts, Finance, Information Systems, Social, eXtensible Business Reporting Language XBRL},
}