@article{Zhu:2014:AQL:2592306.2592494,
 author = {Zhu, Hongwei and Wu, Harris},
 title = {Assessing the Quality of Large-scale Data Standards: A Case of XBRL GAAP Taxonomy},
 journal = {Decis. Support Syst.},
 issue_date = {March, 2014},
 volume = {59},
 month = mar,
 year = {2014},
 issn = {0167-9236},
 pages = {351--360},
 numpages = {10},
 url = {http://dx.doi.org/10.1016/j.dss.2014.01.006},
 doi = {10.1016/j.dss.2014.01.006},
 acmid = {2592494},
 publisher = {Elsevier Science Publishers B. V.},
 address = {Amsterdam, The Netherlands, The Netherlands},
 keywords = {Data quality, Data standards, GAAP Taxonomy, Information quality, Quality assessment, XBRL},
}