@article{Singh:2013:EST:2595310.2595316,
 author = {Singh, Harjit and Singh, Hardeep},
 title = {E-filing System for Tax Returns and Forms: Landmark e-Governance Initiative by the Government of India},
 journal = {J. E-Gov.},
 issue_date = {July 2013},
 volume = {36},
 number = {3},
 month = jul,
 year = {2013},
 issn = {1878-7673},
 pages = {125--135},
 numpages = {11},
 url = {http://dx.doi.org/10.3233/GOV-130348},
 doi = {10.3233/GOV-130348},
 acmid = {2595316},
 publisher = {IOS Press},
 address = {Amsterdam, The Netherlands, The Netherlands},
}