@article{Mousa:2013:EAU:2603718.2603724,
 author = {Mousa, Rania},
 title = {E-Government Adoption in the U.K.: XBRL Project},
 journal = {Int. J. Electron. Gov. Res.},
 issue_date = {April 2013},
 volume = {9},
 number = {2},
 month = apr,
 year = {2013},
 issn = {1548-3886},
 pages = {101--119},
 numpages = {19},
 url = {http://dx.doi.org/10.4018/jegr.2013040106},
 doi = {10.4018/jegr.2013040106},
 acmid = {2603724},
 publisher = {IGI Global},
 address = {Hershey, PA, USA},
 keywords = {Adoption, Companies House, E-Government, Electronic Government, Extensible Business Reporting Language, Innovation, United Kingdom},
}