@article{Garcia:2010:URP:2603632.2603637,
 author = {Garc\'{\i}a, Roberto},
 title = {Using the Rhizomer Platform for Semantic Decision Support Systems Development},
 journal = {Int. J. Decis Support Syst. Technol.},
 issue_date = {January 2010},
 volume = {2},
 number = {1},
 month = jan,
 year = {2010},
 issn = {1941-6296},
 pages = {60--80},
 numpages = {21},
 url = {http://dx.doi.org/10.4018/jdsst.2010101605},
 doi = {10.4018/jdsst.2010101605},
 acmid = {2603637},
 publisher = {IGI Global},
 address = {Hershey, PA, USA},
 keywords = {Dashboard, Decision Support, Financial Data, Interaction, RDF, Semantic, Semantic Web},
}