@article{Sengupta:2011:DDI:2608313.2608315,
 author = {Sengupta, Arijit and Venkataraman, Ramesh},
 title = {DocBase: Design, Implementation and Evaluation of a Document Database for XML},
 journal = {J. Database Manage.},
 issue_date = {October 2011},
 volume = {22},
 number = {4},
 month = oct,
 year = {2011},
 issn = {1063-8016},
 pages = {30--56},
 numpages = {27},
 url = {http://dx.doi.org/10.4018/jdm.2011100102},
 doi = {10.4018/jdm.2011100102},
 acmid = {2608315},
 publisher = {IGI Global},
 address = {Hershey, PA, USA},
 keywords = {Digital Library, Document Database, Document Storage and Retrieval, Query Processing, eXtensible Markup Language XML},
}