@inproceedings{Viseur:2014:IRS:2641580.2641591,
 author = {Viseur, Robert},
 title = {Initial Results from the Study of the Open Source Sector in Belgium},
 booktitle = {Proceedings of The International Symposium on Open Collaboration},
 series = {OpenSym '14},
 year = {2014},
 isbn = {978-1-4503-3016-9},
 location = {Berlin, Germany},
 pages = {7:1--7:5},
 articleno = {7},
 numpages = {5},
 url = {http://doi.acm.org/10.1145/2641580.2641591},
 doi = {10.1145/2641580.2641591},
 acmid = {2641591},
 publisher = {ACM},
 address = {New York, NY, USA},
 keywords = {business model, financial analysis, free software, graph analysis, market analysis, open source, web},
}