@article{Rosillo:2014:ECU:2645493.2645623,
 author = {Rosillo, Rafael and Giner, Javier and Fuente, David},
 title = {The Effectiveness of the Combined Use of VIX and Support Vector Machines on the Prediction of S\&P 500},
 journal = {Neural Comput. Appl.},
 issue_date = {August    2014},
 volume = {25},
 number = {2},
 month = aug,
 year = {2014},
 issn = {0941-0643},
 pages = {321--332},
 numpages = {12},
 url = {http://dx.doi.org/10.1007/s00521-013-1487-7},
 doi = {10.1007/s00521-013-1487-7},
 acmid = {2645623},
 publisher = {Springer-Verlag},
 address = {London, UK, UK},
 keywords = {MACD, Machine learning, Quantitative trading strategies, RSI, Support Vector Machines, VIX},
}