@article{Perdana:2014:ERM:2655085.2655087,
 author = {Perdana, Arif and Robb, Alastair and Rohde, Fiona},
 title = {Experimental Research and Multivariate Statistical Analyses in Business Information Systems Research \&\#45; a Meta-review},
 journal = {Int. J. Bus. Inf. Syst.},
 issue_date = {July 2014},
 volume = {16},
 number = {3},
 month = jul,
 year = {2014},
 issn = {1746-0972},
 pages = {247--270},
 numpages = {24},
 url = {http://dx.doi.org/10.1504/IJBIS.2014.063767},
 doi = {10.1504/IJBIS.2014.063767},
 acmid = {2655087},
 publisher = {Inderscience Publishers},
 address = {Inderscience Publishers, Geneva, SWITZERLAND},
}