@article{Smith:2014:SIC:2661480.2661481,
 author = {Smith, Amber A. and Smith, Alan D. and Rupp, William T.},
 title = {Strategic Insights into the Critical Success Factors Online For-profit Educational Providers: Case Study},
 journal = {Int. J. Bus. Inf. Syst.},
 issue_date = {August 2014},
 volume = {17},
 number = {1},
 month = aug,
 year = {2014},
 issn = {1746-0972},
 pages = {1--32},
 numpages = {32},
 url = {http://dx.doi.org/10.1504/IJBIS.2014.064113},
 doi = {10.1504/IJBIS.2014.064113},
 acmid = {2661481},
 publisher = {Inderscience Publishers},
 address = {Inderscience Publishers, Geneva, SWITZERLAND},
}