@article{Jeong:2014:CSF:2664116.2664120,
 author = {Jeong, Joon-Soo and Na, Kwan-Sik and You, Yen-Yoo},
 title = {A Case Study of Financial Statements Reporting System Based on XBRL Taxonomy in Accordance with Korean Public Institutions Adoption of K-IFRS},
 journal = {Cluster Computing},
 issue_date = {September 2014},
 volume = {17},
 number = {3},
 month = sep,
 year = {2014},
 issn = {1386-7857},
 pages = {817--826},
 numpages = {10},
 url = {http://dx.doi.org/10.1007/s10586-013-0293-4},
 doi = {10.1007/s10586-013-0293-4},
 acmid = {2664120},
 publisher = {Kluwer Academic Publishers},
 address = {Hingham, MA, USA},
 keywords = {Closing accounts, K-IFRS, PIFRS, XBRL},
}