@article{Janssen:2014:IBM:2674311.2674320,
 author = {Janssen, Marijn and Zuiderwijk, Anneke},
 title = {Infomediary Business Models for Connecting Open Data Providers and Users},
 journal = {Soc. Sci. Comput. Rev.},
 issue_date = {October   2014},
 volume = {32},
 number = {5},
 month = oct,
 year = {2014},
 issn = {0894-4393},
 pages = {694--711},
 numpages = {18},
 url = {http://dx.doi.org/10.1177/0894439314525902},
 doi = {10.1177/0894439314525902},
 acmid = {2674320},
 publisher = {Sage Publications, Inc.},
 address = {Thousand Oaks, CA, USA},
 keywords = {apps, business models, e-government, infomediaries, intermediaries, open data, open data ecosystems, open government, social media, web 2.0},
}