@article{Folmer:2014:DSQ:2687514.2687581,
 author = {Folmer, Erwin and Wu, Harris and Bekkum, Michael},
 title = {Data Standards Quality Measured for Achieving Enterprise Interoperability: The Case of the SETU Standard for Flexible Staffing},
 journal = {Inf. Syst. E-bus. Manag.},
 issue_date = {November  2014},
 volume = {12},
 number = {4},
 month = nov,
 year = {2014},
 issn = {1617-9846},
 pages = {517--541},
 numpages = {25},
 url = {http://dx.doi.org/10.1007/s10257-014-0236-5},
 doi = {10.1007/s10257-014-0236-5},
 acmid = {2687581},
 publisher = {Springer-Verlag New York, Inc.},
 address = {Secaucus, NJ, USA},
 keywords = {Data standards, Interoperability, Quality, Standardization},
}