@article{Rosenthal:2014:FPE:2687514.2687584,
 author = {Rosenthal, Arnon and Seligman, Len and Allen, M. David and Chapman, Adriane and Zhu, Hongwei},
 title = {Fit for Purpose: Engineering Principles for Selecting an Appropriate Type of Data Exchange Standard},
 journal = {Inf. Syst. E-bus. Manag.},
 issue_date = {November  2014},
 volume = {12},
 number = {4},
 month = nov,
 year = {2014},
 issn = {1617-9846},
 pages = {495--515},
 numpages = {21},
 url = {http://dx.doi.org/10.1007/s10257-014-0238-3},
 doi = {10.1007/s10257-014-0238-3},
 acmid = {2687584},
 publisher = {Springer-Verlag New York, Inc.},
 address = {Secaucus, NJ, USA},
 keywords = {Data standards, Enterprise interoperability, Exchange, Interoperability of data},
}