@inproceedings{Magalhaes:2014:BMO:2691195.2691273,
 author = {Magalhaes, Gustavo and Roseira, Catarina and Manley, Laura},
 title = {Business Models for Open Government Data},
 booktitle = {Proceedings of the 8th International Conference on Theory and Practice of Electronic Governance},
 series = {ICEGOV '14},
 year = {2014},
 isbn = {978-1-60558-611-3},
 location = {Guimaraes, Portugal},
 pages = {365--370},
 numpages = {6},
 url = {http://doi.acm.org/10.1145/2691195.2691273},
 doi = {10.1145/2691195.2691273},
 acmid = {2691273},
 publisher = {ACM},
 address = {New York, NY, USA},
 keywords = {business model, intermediaries, open government data, services, value creation},
}