@article{Shiau:2014:IFP:2692875.2692877,
 author = {Shiau, Wen-Lung},
 title = {Improving Firm Performance Through a Mobile Auditing Assistance System},
 journal = {Int. J. Enterp. Inf. Syst.},
 issue_date = {October 2014},
 volume = {10},
 number = {4},
 month = oct,
 year = {2014},
 issn = {1548-1115},
 pages = {22--35},
 numpages = {14},
 url = {http://dx.doi.org/10.4018/ijeis.2014100102},
 doi = {10.4018/ijeis.2014100102},
 acmid = {2692877},
 publisher = {IGI Global},
 address = {Hershey, PA, USA},
 keywords = {Computerized Assisted Auditing Technique (CAAT), Firm Performance, Generalized Audit Software (GAS), Mobile Auditing, Mobile Technology, Smart Phone},
}