@article{Du:2014:KCE:2693499.2693503,
 author = {Du, Jie and Wimmer, Hayden and Rada, Roy},
 title = {Knowledge Constrained Evolutionary Algorithms: A Case Study for Financial Investing},
 journal = {Int. J. Artif. Intell. Soft Comput.},
 issue_date = {November 2014},
 volume = {4},
 number = {4},
 month = nov,
 year = {2014},
 issn = {1755-4950},
 pages = {335--353},
 numpages = {19},
 url = {http://dx.doi.org/10.1504/IJAISC.2014.065801},
 doi = {10.1504/IJAISC.2014.065801},
 acmid = {2693503},
 publisher = {Inderscience Publishers},
 address = {Inderscience Publishers, Geneva, SWITZERLAND},
}