@article{Hasan:2015:ESR:2720819.2720821,
 author = {Hasan, M. Mahmudul},
 title = {E-Government Service Research Development: A Literature Review},
 journal = {Int. J. E-Services Mob. Appl.},
 issue_date = {January 2015},
 volume = {7},
 number = {1},
 month = jan,
 year = {2015},
 issn = {1941-627X},
 pages = {22--49},
 numpages = {28},
 url = {http://dx.doi.org/10.4018/ijesma.2015010102},
 doi = {10.4018/ijesma.2015010102},
 acmid = {2720821},
 publisher = {IGI Global},
 address = {Hershey, PA, USA},
 keywords = {Public Electronic Service, Public Sector, e-Government, e-Government Service, e-Service Research Development},
}