@inproceedings{Kloos:2013:XBP:2734948.2734973,
 author = {Kloos, Martin and Hulstijn, Joris and Seck, Mamadou and Janssen, Marijn},
 title = {XBRL-Driven Business Process Improvement: A Simulation Study in the Accounting Domain},
 booktitle = {Revised Selected Papers of the SEFM 2013 Collocated Workshops on Software Engineering and Formal Methods - Volume 8368},
 year = {2014},
 isbn = {978-3-319-05031-7},
 pages = {288--305},
 numpages = {18},
 url = {http://dx.doi.org/10.1007/978-3-319-05032-4_21},
 doi = {10.1007/978-3-319-05032-4_21},
 acmid = {2734973},
 publisher = {Springer-Verlag New York, Inc.},
 address = {New York, NY, USA},
 keywords = {Accounting, Simulation, Standardization, XBRL},
}