@inproceedings{Ruckhaus:2012:LQL:2734587.2734591,
 author = {Ruckhaus, Edna and Vidal, Maria-Esther},
 title = {LiQuate-Estimating the Quality of Links in the Linking Open Data Cloud},
 booktitle = {Revised Selected Papers of the 5th International Workshop on Resource Discovery - Volume 8194},
 year = {2013},
 isbn = {978-3-642-45262-8},
 pages = {56--82},
 numpages = {27},
 url = {http://dx.doi.org/10.1007/978-3-642-45263-5_4},
 doi = {10.1007/978-3-642-45263-5_4},
 acmid = {2734591},
 publisher = {Springer-Verlag New York, Inc.},
 address = {New York, NY, USA},
}