@article{Mohammadyari:2015:UEE:2735592.2739127,
 author = {Mohammadyari, Soheila and Singh, Harminder},
 title = {Understanding the Effect of e-Learning on Individual Performance},
 journal = {Comput. Educ.},
 issue_date = {March 2015},
 volume = {82},
 number = {C},
 month = mar,
 year = {2015},
 issn = {0360-1315},
 pages = {11--25},
 numpages = {15},
 url = {http://dx.doi.org/10.1016/j.compedu.2014.10.025},
 doi = {10.1016/j.compedu.2014.10.025},
 acmid = {2739127},
 publisher = {Elsevier Science Ltd.},
 address = {Oxford, UK, UK},
 keywords = {Adult learning, Continuing professional development, Digital literacy, Distributed learning environments},
}