@article{Pandey:2014:HIT:2743966.2743967,
 author = {Pandey, Tweena and Chauhan, Abhishek Singh},
 title = {HR Issues Towards Managing MSMEs Operating in India During Globalization Trends with Special Reference to HR Outsourcing: An Extended Review},
 journal = {Int. J. Asian Bus. Inf. Manag.},
 issue_date = {July 2014},
 volume = {5},
 number = {3},
 month = jul,
 year = {2014},
 issn = {1947-9638},
 pages = {1--16},
 numpages = {16},
 url = {http://dx.doi.org/10.4018/ijabim.2014070101},
 doi = {10.4018/ijabim.2014070101},
 acmid = {2743967},
 publisher = {IGI Global},
 address = {Hershey, PA, USA},
 keywords = {Competitive Environment, Globalization, HR Issues, HR Outsourcing, MSME},
}