@article{Marques:2015:MOT:2744011.2744013,
 author = {Marques, Rui Pedro and Santos, Henrique and Santos, Carlos},
 title = {Monitoring Organizational Transactions in Enterprise Information Systems with Continuous Assurance Requirements},
 journal = {Int. J. Enterp. Inf. Syst.},
 issue_date = {January 2015},
 volume = {11},
 number = {1},
 month = jan,
 year = {2015},
 issn = {1548-1115},
 pages = {13--32},
 numpages = {20},
 url = {http://dx.doi.org/10.4018/ijeis.2015010102},
 doi = {10.4018/ijeis.2015010102},
 acmid = {2744013},
 publisher = {IGI Global},
 address = {Hershey, PA, USA},
 keywords = {Continuous Assurance, Enterprise Information Systems, Management Information System, Organizational Transactions, Risk Profiles},
}