@article{Danenas:2015:SSV:2775746.2776064,
 author = {Danenas, Paulius and Garsva, Gintautas},
 title = {Selection of Support Vector Machines Based Classifiers for Credit Risk Domain},
 journal = {Expert Syst. Appl.},
 issue_date = {April 2015},
 volume = {42},
 number = {6},
 month = apr,
 year = {2015},
 issn = {0957-4174},
 pages = {3194--3204},
 numpages = {11},
 url = {http://dx.doi.org/10.1016/j.eswa.2014.12.001},
 doi = {10.1016/j.eswa.2014.12.001},
 acmid = {2776064},
 publisher = {Pergamon Press, Inc.},
 address = {Tarrytown, NY, USA},
 keywords = {Classification, Credit risk, Default assessment, Particle swarm optimization, SVM, Support Vector Machines},
}