@article{Ashraf:2015:OUA:2781908.2782306,
 author = {Ashraf, Jamshaid and Chang, Elizabeth and Hussain, Omar Khadeer and Hussain, Farookh Khadeer},
 title = {Ontology Usage Analysis in the Ontology Lifecycle},
 journal = {Know.-Based Syst.},
 issue_date = {May 2015},
 volume = {80},
 number = {C},
 month = may,
 year = {2015},
 issn = {0950-7051},
 pages = {34--47},
 numpages = {14},
 url = {http://dx.doi.org/10.1016/j.knosys.2015.02.026},
 doi = {10.1016/j.knosys.2015.02.026},
 acmid = {2782306},
 publisher = {Elsevier Science Publishers B. V.},
 address = {Amsterdam, The Netherlands, The Netherlands},
 keywords = {Ontology, Ontology lifecycle, Ontology usage analysis framework, Semantic web, Usage analysis},
}