@inproceedings{Huang:2015:STX:2814864.2814880,
 author = {Huang, Jyun-Yao and Lange, Christoph and Auer, S\"{o}ren},
 title = {Streaming Transformation of XML to RDF Using XPath-based Mappings},
 booktitle = {Proceedings of the 11th International Conference on Semantic Systems},
 series = {SEMANTICS '15},
 year = {2015},
 isbn = {978-1-4503-3462-4},
 location = {Vienna, Austria},
 pages = {129--136},
 numpages = {8},
 url = {http://doi.acm.org/10.1145/2814864.2814880},
 doi = {10.1145/2814864.2814880},
 acmid = {2814880},
 publisher = {ACM},
 address = {New York, NY, USA},
 keywords = {RDF, XML, XML filter},
}