@inproceedings{Ghanavati:2015:ILI:2821464.2821473,
 author = {Ghanavati, Sepideh and Hulstijn, Joris},
 title = {Impact of Legal Interpretation on Business Process Compliance},
 booktitle = {Proceedings of the First International Workshop on TEchnical and LEgal Aspects of Data pRIvacy},
 series = {TELERISE '15},
 year = {2015},
 location = {Florence, Italy},
 pages = {26--31},
 numpages = {6},
 url = {http://dl.acm.org/citation.cfm?id=2821464.2821473},
 acmid = {2821473},
 publisher = {IEEE Press},
 address = {Piscataway, NJ, USA},
}