@article{Coletti:2015:DCH:2836847.2822898,
 author = {Coletti, Paolo and Murgia, Maurizio},
 title = {Design and Construction of a Historical Financial Database of the Italian Stock Market 1973--2011},
 journal = {J. Data and Information Quality},
 issue_date = {October 2015},
 volume = {6},
 number = {4},
 month = oct,
 year = {2015},
 issn = {1936-1955},
 pages = {16:1--16:23},
 articleno = {16},
 numpages = {23},
 url = {http://doi.acm.org/10.1145/2822898},
 doi = {10.1145/2822898},
 acmid = {2822898},
 publisher = {ACM},
 address = {New York, NY, USA},
 keywords = {Financial database, data integration, data quality, stock market},
}