@article{Almilia:2015:CIF:2841078.2841082,
 author = {Almilia, Luciana Spica},
 title = {Comparing Internet Financial Reporting Practices: Indonesia, Malaysia, Singapore, Japan and Australia},
 journal = {Int. J. Bus. Inf. Syst.},
 issue_date = {October 2015},
 volume = {20},
 number = {4},
 month = oct,
 year = {2015},
 issn = {1746-0972},
 pages = {477--495},
 numpages = {19},
 url = {http://dx.doi.org/10.1504/IJBIS.2015.072743},
 doi = {10.1504/IJBIS.2015.072743},
 acmid = {2841082},
 publisher = {Inderscience Publishers},
 address = {Inderscience Publishers, Geneva, SWITZERLAND},
}