@article{Pinsker:2008:CBX:1325555.1325565,
 author = {Pinsker, Robert and Li, Shaomin},
 title = {Costs and Benefits of XBRL Adoption: Early Evidence},
 journal = {Commun. ACM},
 issue_date = {March 2008},
 volume = {51},
 number = {3},
 month = mar,
 year = {2008},
 issn = {0001-0782},
 pages = {47--50},
 numpages = {4},
 url = {http://doi.acm.org/10.1145/1325555.1325565},
 doi = {10.1145/1325555.1325565},
 acmid = {1325565},
 publisher = {ACM},
 address = {New York, NY, USA},
}@inproceedings{Carroll:2008:GAS:1367832.1367843,
 author = {Carroll, Joshua and Lee, Thomas Y.},
 title = {A Genetic Algorithm for Segmentation and Information Retrieval of SEC Regulatory Filings},
 booktitle = {Proceedings of the 2008 International Conference on Digital Government Research},
 series = {dg.o '08},
 year = {2008},
 isbn = {978-1-60558-099-9},
 location = {Montreal, Canada},
 pages = {44--52},
 numpages = {9},
 url = {http://dl.acm.org/citation.cfm?id=1367832.1367843},
 acmid = {1367843},
 publisher = {Digital Government Society of North America},
 keywords = {SEC, document segmentation, genetic algorithms, structured information retrieval},
}@inproceedings{Yankova:2008:AOM:1452567.1452573,
 author = {Yankova, Milena and Saggion, Horacio and Cunningham, Hamish},
 title = {Adopting Ontologies for Multisource Identity Resolution},
 booktitle = {Proceedings of the First International Workshop on Ontology-supported Business Intelligence},
 series = {OBI '08},
 year = {2008},
 isbn = {978-1-60558-219-1},
 location = {Karlsruhe, Germany},
 pages = {6:1--6:10},
 articleno = {6},
 numpages = {10},
 url = {http://doi.acm.org/10.1145/1452567.1452573},
 doi = {10.1145/1452567.1452573},
 acmid = {1452573},
 publisher = {ACM},
 address = {New York, NY, USA},
}@book{Cummins:2008:BAE:1457662,
 author = {Cummins, Fred A.},
 title = {Building the Agile Enterprise: With SOA, BPM and MBM},
 year = {2009},
 isbn = {9780080560083, 9780123744456},
 publisher = {Morgan Kaufmann Publishers Inc.},
 address = {San Francisco, CA, USA},
}@article{Cheng:2009:OBI:1464526.1465142,
 author = {Cheng, Hilary and Lu, Yi-Chuan and Sheu, Calvin},
 title = {An Ontology-based Business Intelligence Application in a Financial Knowledge Management System},
 journal = {Expert Syst. Appl.},
 issue_date = {March, 2009},
 volume = {36},
 number = {2},
 month = mar,
 year = {2009},
 issn = {0957-4174},
 pages = {3614--3622},
 numpages = {9},
 url = {http://dx.doi.org/10.1016/j.eswa.2008.02.047},
 doi = {10.1016/j.eswa.2008.02.047},
 acmid = {1465142},
 publisher = {Pergamon Press, Inc.},
 address = {Tarrytown, NY, USA},
 keywords = {Bond ratings, Business intelligence, Data mining, Knowledge management},
}@article{Ye:2008:CAS:1467020.1467039,
 author = {Ye, Huanzhuo and He, Yuning and Xiang, Zhuoyuan},
 title = {Continuous Auditing System Based on Registration Center},
 journal = {WSEAS Trans. Info. Sci. and App.},
 issue_date = {May 2008},
 volume = {5},
 number = {5},
 month = may,
 year = {2008},
 issn = {1790-0832},
 pages = {746--755},
 numpages = {10},
 url = {http://dl.acm.org/citation.cfm?id=1467020.1467039},
 acmid = {1467039},
 publisher = {World Scientific and Engineering Academy and Society (WSEAS)},
 address = {Stevens Point, Wisconsin, USA},
 keywords = {XBRL GL, XML, continuous auditing, registration center, web services},
}@article{Janner:2008:CCM:1486891.1486893,
 author = {Janner, Till and Lampathaki, Fenareti and Hoyer, Volker and Mouzakitis, Spiros and Charalabidis, Yannis and Schroth, Christoph},
 title = {A Core Component-based Modelling Approach for Achieving e-Business Semantics Interoperability},
 journal = {J. Theor. Appl. Electron. Commer. Res.},
 issue_date = {December 2008},
 volume = {3},
 number = {3},
 month = dec,
 year = {2008},
 issn = {0718-1876},
 pages = {1--16},
 numpages = {16},
 url = {http://dl.acm.org/citation.cfm?id=1486891.1486893},
 acmid = {1486893},
 publisher = {Facultad de Ingenier\&\#237;a, Universidad de Talca},
 address = {Talca, Chile},
 keywords = {CCTS, UBL, UN/CEFACT, data modelling methodology, e-business, e-government, interoperability},
}@article{Abrahao:2009:FEE:1497630.1497696,
 author = {Abrah\~{a}o, Silvia and Poels, Geert},
 title = {A Family of Experiments to Evaluate a Functional Size Measurement Procedure for Web Applications},
 journal = {J. Syst. Softw.},
 issue_date = {February, 2009},
 volume = {82},
 number = {2},
 month = feb,
 year = {2009},
 issn = {0164-1212},
 pages = {253--269},
 numpages = {17},
 url = {http://dx.doi.org/10.1016/j.jss.2008.06.031},
 doi = {10.1016/j.jss.2008.06.031},
 acmid = {1497696},
 publisher = {Elsevier Science Inc.},
 address = {New York, NY, USA},
 keywords = {Empirical software engineering, Functional size measurement, Method evaluation, Software measurement, Web engineering},
}@inproceedings{Mondorf:2008:IEC:1509096.1509118,
 author = {Mondorf, Ansgar and Wimmer, Maria},
 title = {Interoperability in e-Tendering: The Case of the Virtual Company Dossier},
 booktitle = {Proceedings of the 2Nd International Conference on Theory and Practice of Electronic Governance},
 series = {ICEGOV '08},
 year = {2008},
 isbn = {978-1-60558-386-0},
 location = {Cairo, Egypt},
 pages = {110--116},
 numpages = {7},
 url = {http://doi.acm.org/10.1145/1509096.1509118},
 doi = {10.1145/1509096.1509118},
 acmid = {1509118},
 publisher = {ACM},
 address = {New York, NY, USA},
 keywords = {certificates, e-tendering, electronic documents, high impact services, interoperability, public e-procurement},
}@inproceedings{Declerck:2008:OHL:1567281.1567497,
 author = {Declerck, Thierry and Krieger, Hans-Ulrich and Saggion, Horacio and Spies, Marcus},
 title = {Ontology-Driven Human Language Technology for Semantic-Based Business Intelligence},
 booktitle = {Proceedings of the 2008 Conference on ECAI 2008: 18th European Conference on Artificial Intelligence},
 year = {2008},
 isbn = {978-1-58603-891-5},
 pages = {841--842},
 numpages = {2},
 url = {http://dl.acm.org/citation.cfm?id=1567281.1567497},
 acmid = {1567497},
 publisher = {IOS Press},
 address = {Amsterdam, The Netherlands, The Netherlands},
}@article{Chou:2009:IME:1595078.1595315,
 author = {Chou, Tung-Hsiang and Seng, Jia-Lang},
 title = {An Intelligent Multi-agent e-Services method-An International Telecommunication Example},
 journal = {Inf. Manage.},
 issue_date = {August, 2009},
 volume = {46},
 number = {6},
 month = aug,
 year = {2009},
 issn = {0378-7206},
 pages = {342--350},
 numpages = {9},
 url = {http://dx.doi.org/10.1016/j.im.2009.05.006},
 doi = {10.1016/j.im.2009.05.006},
 acmid = {1595315},
 publisher = {Elsevier Science Publishers B. V.},
 address = {Amsterdam, The Netherlands, The Netherlands},
 keywords = {Agility, Intelligent multi-agent method, Operation support systems, Telecommunication services, e-Services},
}@article{Lampathaki:2009:BBI:1595894.1596049,
 author = {Lampathaki, Fenareti and Mouzakitis, Spiros and Gionis, George and Charalabidis, Yannis and Askounis, Dimitris},
 title = {Business to Business Interoperability: A Current Review of XML Data Integration Standards},
 journal = {Comput. Stand. Interfaces},
 issue_date = {November, 2009},
 volume = {31},
 number = {6},
 month = nov,
 year = {2009},
 issn = {0920-5489},
 pages = {1045--1055},
 numpages = {11},
 url = {http://dx.doi.org/10.1016/j.csi.2008.12.006},
 doi = {10.1016/j.csi.2008.12.006},
 acmid = {1596049},
 publisher = {Elsevier Science Publishers B. V.},
 address = {Amsterdam, The Netherlands, The Netherlands},
 keywords = {CCTS, Data integration, OAGIS, Standards evaluation taxonomy, UBL},
}@inproceedings{Scifleet:2009:PTF:1621995.1622037,
 author = {Scifleet, Paul and Williams, Susan P.},
 title = {Practice Theory \& the Foundations of Digital Document Encoding},
 booktitle = {Proceedings of the 27th ACM International Conference on Design of Communication},
 series = {SIGDOC '09},
 year = {2009},
 isbn = {978-1-60558-559-8},
 location = {Bloomington, Indiana, USA},
 pages = {213--220},
 numpages = {8},
 url = {http://doi.acm.org/10.1145/1621995.1622037},
 doi = {10.1145/1621995.1622037},
 acmid = {1622037},
 publisher = {ACM},
 address = {New York, NY, USA},
 keywords = {documentary practice, information management, methodology, practice theory},
}@inproceedings{Silva:2009:LLM:1651291.1651307,
 author = {Silva, Paulo Caetano and Souza, F\'{a}bio Santos and Times, Val{\'e}ria Ces\'{a}rio},
 title = {LMDQL: Link-based and Multidimensional Query Language},
 booktitle = {Proceedings of the ACM Twelfth International Workshop on Data Warehousing and OLAP},
 series = {DOLAP '09},
 year = {2009},
 isbn = {978-1-60558-801-8},
 location = {Hong Kong, China},
 pages = {89--96},
 numpages = {8},
 url = {http://doi.acm.org/10.1145/1651291.1651307},
 doi = {10.1145/1651291.1651307},
 acmid = {1651307},
 publisher = {ACM},
 address = {New York, NY, USA},
 keywords = {lmdql, olap, xbrl, xlink, xml},
}@article{Pokorny:2009:XES:1664795.1664801,
 author = {Pokorn\'{y}, Jaroslav},
 title = {XML in Enterprise Systems},
 journal = {Informatica},
 issue_date = {August 2009},
 volume = {20},
 number = {3},
 month = aug,
 year = {2009},
 issn = {0868-4952},
 pages = {417--438},
 numpages = {22},
 url = {http://dl.acm.org/citation.cfm?id=1664795.1664801},
 acmid = {1664801},
 publisher = {IOS Press},
 address = {Amsterdam, The Netherlands, The Netherlands},
 keywords = {Web services, XML, XML databases, XQuery, XSLT, enterprise information integration},
}@article{Romei:2010:XDM:1712666.1712667,
 author = {Romei, Andrea and Turini, Franco},
 title = {XML Data Mining},
 journal = {Softw. Pract. Exper.},
 issue_date = {February 2010},
 volume = {40},
 number = {2},
 month = feb,
 year = {2010},
 issn = {0038-0644},
 pages = {101--130},
 numpages = {30},
 url = {http://dx.doi.org/10.1002/spe.v40:2},
 doi = {10.1002/spe.v40:2},
 acmid = {1712667},
 publisher = {John Wiley \&amp; Sons, Inc.},
 address = {New York, NY, USA},
 keywords = {XML, XQuery, data mining, inductive database, knowledge discovery, query language},
}@article{Hill:2010:FIA:1718910.1718912,
 author = {Hill, Sally Rao and Troshani, Indrit},
 title = {Factors Influencing the Adoption of Personalisation Mobile Services\&\#58; Empirical Evidence from Young Australians},
 journal = {Int. J. Mob. Commun.},
 issue_date = {February 2010},
 volume = {8},
 number = {2},
 month = feb,
 year = {2010},
 issn = {1470-949X},
 pages = {150--168},
 numpages = {19},
 url = {http://dx.doi.org/10.1504/IJMC.2010.031445},
 doi = {10.1504/IJMC.2010.031445},
 acmid = {1718912},
 publisher = {Inderscience Publishers},
 address = {Inderscience Publishers, Geneva, SWITZERLAND},
 keywords = {Australia, m\&\#45;services, mobile communications, mobile services, perceived ease of use, perceived usefulness, performance expectancy, personalisation, technology adoption models},
}@article{Clancey:2009:WAV:1735591.1735595,
 author = {Clancey, William j. and Sierhuis, Maarten and Seah, Chin},
 title = {Workflow Agents Versus Expert Systems: Problem Solving Methods in Work Systems Design},
 journal = {Artif. Intell. Eng. Des. Anal. Manuf.},
 issue_date = {November 2009},
 volume = {23},
 number = {4},
 month = nov,
 year = {2009},
 issn = {0890-0604},
 pages = {357--371},
 numpages = {15},
 url = {http://dx.doi.org/10.1017/S0890060409990059},
 doi = {10.1017/S0890060409990059},
 acmid = {1735595},
 publisher = {Cambridge University Press},
 address = {New York, NY, USA},
 keywords = {Model-Based Automation, Problem Solving Agent, Situated Cognition, Work Practice Simulation, Work Systems Design},
}@inproceedings{Macdonald:2009:SLV:1738826.1738858,
 author = {Macdonald, Hugh and Yuille, Jeremy and Stanton, Reuben and Viller, Stephen},
 title = {The Social Life of Visualization},
 booktitle = {Proceedings of the 21st Annual Conference of the Australian Computer-Human Interaction Special Interest Group: Design: Open 24/7},
 series = {OZCHI '09},
 year = {2009},
 isbn = {978-1-60558-854-4},
 location = {Melbourne, Australia},
 pages = {193--200},
 numpages = {8},
 url = {http://doi.acm.org/10.1145/1738826.1738858},
 doi = {10.1145/1738826.1738858},
 acmid = {1738858},
 publisher = {ACM},
 address = {New York, NY, USA},
 keywords = {information visualization, interaction design patterns, object-centred social networks},
}@article{Spies:2010:OMP:1746732.1746894,
 author = {Spies, Marcus},
 title = {An Ontology Modelling Perspective on Business Reporting},
 journal = {Inf. Syst.},
 issue_date = {June, 2010},
 volume = {35},
 number = {4},
 month = jun,
 year = {2010},
 issn = {0306-4379},
 pages = {404--416},
 numpages = {13},
 url = {http://dx.doi.org/10.1016/j.is.2008.12.003},
 doi = {10.1016/j.is.2008.12.003},
 acmid = {1746894},
 publisher = {Elsevier Science Ltd.},
 address = {Oxford, UK, UK},
 keywords = {Domain engineering, Enterprise information integration and interoperability, Languages for conceptual modelling, Ontological approaches to content and knowledge management, Ontology-based software engineering for enterprise solutions},
}@inproceedings{Erling:2008:IOS:1789394.1789478,
 author = {Erling, Orri and Mikhailov, Ivan},
 title = {Integrating Open Sources and Relational Data with SPARQL},
 booktitle = {Proceedings of the 5th European Semantic Web Conference on The Semantic Web: Research and Applications},
 series = {ESWC'08},
 year = {2008},
 isbn = {3-540-68233-3, 978-3-540-68233-2},
 location = {Tenerife, Canary Islands, Spain},
 pages = {838--842},
 numpages = {5},
 url = {http://dl.acm.org/citation.cfm?id=1789394.1789478},
 acmid = {1789478},
 publisher = {Springer-Verlag},
 address = {Berlin, Heidelberg},
}@incollection{Stefanovic:2009:SCB:1793943.1793955,
 author = {Stefanovic, Nenad and Stefanovic, Dusan},
 chapter = {Supply Chain Business Intelligence: Technologies, Issues and Trends},
 title = {Artificial Intelligence},
 editor = {Bramer, Max},
 year = {2009},
 isbn = {3-642-03225-7, 978-3-642-03225-7},
 pages = {217--245},
 numpages = {29},
 url = {http://dl.acm.org/citation.cfm?id=1793943.1793955},
 acmid = {1793955},
 publisher = {Springer-Verlag},
 address = {Berlin, Heidelberg},
}@inproceedings{Garcia:2010:TLX:1839707.1839711,
 author = {Garc\'{\i}a, Roberto and Gil, Rosa},
 title = {Triplificating and Linking XBRL Financial Data},
 booktitle = {Proceedings of the 6th International Conference on Semantic Systems},
 series = {I-SEMANTICS '10},
 year = {2010},
 isbn = {978-1-4503-0014-8},
 location = {Graz, Austria},
 pages = {3:1--3:8},
 articleno = {3},
 numpages = {8},
 url = {http://doi.acm.org/10.1145/1839707.1839711},
 doi = {10.1145/1839707.1839711},
 acmid = {1839711},
 publisher = {ACM},
 address = {New York, NY, USA},
 keywords = {accounting, business, finance, interoperability, linked data, semantic web},
}@inproceedings{Bao:2010:RFR:1929574.1929592,
 author = {Bao, Jie and Rong, Graham and Li, Xian and Ding, Li},
 title = {Representing Financial Reports on the Semantic Web: A Faithful Translation from XBRL to OWL},
 booktitle = {Proceedings of the 2010 International Conference on Semantic Web Rules},
 series = {RuleML'10},
 year = {2010},
 isbn = {3-642-16288-6, 978-3-642-16288-6},
 location = {Washington, DC},
 pages = {144--152},
 numpages = {9},
 url = {http://dl.acm.org/citation.cfm?id=1929574.1929592},
 acmid = {1929592},
 publisher = {Springer-Verlag},
 address = {Berlin, Heidelberg},
}@inproceedings{Lampert:2010:ISI:1930321.1930351,
 author = {Lampert, Sam and Thompson, Kate},
 title = {The Importance of Sharing Information: Using NIEM to Improve Governance in Developing Countries},
 booktitle = {Proceedings of the 4th International Conference on Theory and Practice of Electronic Governance},
 series = {ICEGOV '10},
 year = {2010},
 isbn = {978-1-4503-0058-2},
 location = {Beijing, China},
 pages = {137--142},
 numpages = {6},
 url = {http://doi.acm.org/10.1145/1930321.1930351},
 doi = {10.1145/1930321.1930351},
 acmid = {1930351},
 publisher = {ACM},
 address = {New York, NY, USA},
 keywords = {NIEM, data exchange standards, information sharing},
}@inproceedings{Bennett:2010:ECS:1937128.1937131,
 author = {Bennett, Michael G.},
 title = {EDM Council Semantics Repository Next Steps: Exploring a Consensus Semantics Framework},
 booktitle = {Ontology-Driven Software Engineering},
 series = {ODiSE'10},
 year = {2010},
 isbn = {978-1-4503-0548-8},
 location = {Reno, Nevada},
 pages = {3:1--3:6},
 articleno = {3},
 numpages = {6},
 url = {http://doi.acm.org/10.1145/1937128.1937131},
 doi = {10.1145/1937128.1937131},
 acmid = {1937131},
 publisher = {ACM},
 address = {New York, NY, USA},
}@article{Harrison:2010:FSC:1940693.1940694,
 author = {Harrison, C. and Eckman, B. and Hamilton, R. and Hartswick, P. and Kalagnanam, J. and Paraszczak, J. and Williams, P.},
 title = {Foundations for Smarter Cities},
 journal = {IBM J. Res. Dev.},
 issue_date = {July 2010},
 volume = {54},
 number = {4},
 month = jul,
 year = {2010},
 issn = {0018-8646},
 pages = {350--365},
 numpages = {16},
 url = {http://dx.doi.org/10.1147/JRD.2010.2048257},
 doi = {10.1147/JRD.2010.2048257},
 acmid = {1940694},
 publisher = {IBM Corp.},
 address = {Riverton, NJ, USA},
}@book{Wood:2010:LED:1942003,
 author = {Wood, David},
 title = {Linking Enterprise Data},
 year = {2010},
 isbn = {1441976647, 9781441976642},
 edition = {1st},
 publisher = {Springer-Verlag New York, Inc.},
 address = {New York, NY, USA},
}@article{Argyrou:2011:STC:1975002.1975133,
 author = {Argyrou, Argyris and Andreev, Andriy},
 title = {A Semi-supervised Tool for Clustering Accounting Databases with Applications to Internal Controls},
 journal = {Expert Syst. Appl.},
 issue_date = {September, 2011},
 volume = {38},
 number = {9},
 month = sep,
 year = {2011},
 issn = {0957-4174},
 pages = {11176--11181},
 numpages = {6},
 url = {http://dx.doi.org/10.1016/j.eswa.2011.02.163},
 doi = {10.1016/j.eswa.2011.02.163},
 acmid = {1975133},
 publisher = {Pergamon Press, Inc.},
 address = {Tarrytown, NY, USA},
 keywords = {Clustering accounting databases, Internal controls, Self-organizing map},
}@article{Hogan:2011:USE:2001041.2001045,
 author = {Hogan, J. and Meegan, J. and Parmar, R. and Narayan, V. and Schloss, R. J.},
 title = {Using Standards to Enable the Transformation to Smarter Cities},
 journal = {IBM J. Res. Dev.},
 issue_date = {January/March 2011},
 volume = {55},
 number = {1\&2},
 month = jan,
 year = {2011},
 issn = {0018-8646},
 pages = {42--51},
 numpages = {10},
 url = {http://dx.doi.org/10.1147/JRD.2010.2091051},
 doi = {10.1147/JRD.2010.2091051},
 acmid = {2001045},
 publisher = {IBM Corp.},
 address = {Riverton, NJ, USA},
}@inproceedings{Mayer:2011:MFS:2008579.2008604,
 author = {Mayer, J\"{o}rg H.},
 title = {Managing the Future: Six Guidelines for Designing Environmental Scanning Systems},
 booktitle = {Proceedings of the 6th International Conference on Service-oriented Perspectives in Design Science Research},
 series = {DESRIST'11},
 year = {2011},
 isbn = {978-3-642-20632-0},
 location = {Milwaukee, WI, USA},
 pages = {276--290},
 numpages = {15},
 url = {http://dl.acm.org/citation.cfm?id=2008579.2008604},
 acmid = {2008604},
 publisher = {Springer-Verlag},
 address = {Berlin, Heidelberg},
 keywords = {balanced chance and risk management, corporate business intelligence (BI), corporate management, method design},
}@article{Watson:2010:ISE:2017447.2017450,
 author = {Watson, Richard T. and Boudreau, Marie-Claude and Chen, Adela J.},
 title = {Information Systems and Environmentally Sustainable Development: Energy Informatics and New Directions for the is Community},
 journal = {MIS Q.},
 issue_date = {March 2010},
 volume = {34},
 number = {1},
 month = mar,
 year = {2010},
 issn = {0276-7783},
 pages = {23--38},
 numpages = {16},
 url = {http://dl.acm.org/citation.cfm?id=2017447.2017450},
 acmid = {2017450},
 publisher = {Society for Information Management and The Management Information Systems Research Center},
 address = {Minneapolis, MN, USA},
 keywords = {IS community, energy informatics, environmental sustainability},
}@article{Almilia:2011:IFR:2030748.2030751,
 author = {Almilia, Sasongko Budisusetyo; Luciana Spica},
 title = {Internet Financial Reporting on the Web in Indonesian\&\#58; Not Just Technical Problem},
 journal = {Int. J. Bus. Inf. Syst.},
 issue_date = {September 2011},
 volume = {8},
 number = {4},
 month = sep,
 year = {2011},
 issn = {1746-0972},
 pages = {380--395},
 numpages = {16},
 url = {http://dx.doi.org/10.1504/IJBIS.2011.042419},
 doi = {10.1504/IJBIS.2011.042419},
 acmid = {2030751},
 publisher = {Inderscience Publishers},
 address = {Inderscience Publishers, Geneva, SWITZERLAND},
}@inproceedings{Bharosa:2011:ILC:2035176.2035214,
 author = {Bharosa, Nitesh and van der Voort, Haiko and Hulstijn, Joris and Janssen, Marijn and de Winne, Niels and van Wijk, Remco},
 title = {Impose with Leeway: Combining an Engineering and Learning Approach in the Management of Public-private Collaboration},
 booktitle = {Proceedings of the 10th IFIP WG 8.5 International Conference on Electronic Government},
 series = {EGOV'11},
 year = {2011},
 isbn = {978-3-642-22877-3},
 location = {Delft, The Netherlands},
 pages = {392--403},
 numpages = {12},
 url = {http://dl.acm.org/citation.cfm?id=2035176.2035214},
 acmid = {2035214},
 publisher = {Springer-Verlag},
 address = {Berlin, Heidelberg},
 keywords = {engineering, policy making, public-private collaboration, standard business reporting},
}@inproceedings{Hulstijn:2011:PPM:2037556.2037577,
 author = {Hulstijn, Joris and van Wijk, Remco and de Winne, Niels and Bharosa, Nitesh and Janssen, Marijn and Tan, Yao-Hua},
 title = {Public Process Management: A Method for Introducing Standard Business Reporting},
 booktitle = {Proceedings of the 12th Annual International Digital Government Research Conference: Digital Government Innovation in Challenging Times},
 series = {dg.o '11},
 year = {2011},
 isbn = {978-1-4503-0762-8},
 location = {College Park, Maryland, USA},
 pages = {141--150},
 numpages = {10},
 url = {http://doi.acm.org/10.1145/2037556.2037577},
 doi = {10.1145/2037556.2037577},
 acmid = {2037577},
 publisher = {ACM},
 address = {New York, NY, USA},
 keywords = {compliance, e-government, financial reporting},
}@inproceedings{Bharosa:2011:MTS:2037556.2037578,
 author = {Bharosa, Nitesh and van Wijk, Remco and Janssen, Marijn and de Winne, Niels and Hulstijn, Joris},
 title = {Managing the Transformation to Standard Business Reporting: Principles and Lessons Learned from the Netherlands},
 booktitle = {Proceedings of the 12th Annual International Digital Government Research Conference: Digital Government Innovation in Challenging Times},
 series = {dg.o '11},
 year = {2011},
 isbn = {978-1-4503-0762-8},
 location = {College Park, Maryland, USA},
 pages = {151--156},
 numpages = {6},
 url = {http://doi.acm.org/10.1145/2037556.2037578},
 doi = {10.1145/2037556.2037578},
 acmid = {2037578},
 publisher = {ACM},
 address = {New York, NY, USA},
 keywords = {XBRL, standard business reporting, transformation principles},
}@inproceedings{Scifleet:2011:UDP:2042536.2042574,
 author = {Scifleet, Paul and Williams, Susan P.},
 title = {Understanding Documentary Practice: Lessons Learnt from the Text Encoding Initiative},
 booktitle = {Proceedings of the 15th International Conference on Theory and Practice of Digital Libraries: Research and Advanced Technology for Digital Libraries},
 series = {TPDL'11},
 year = {2011},
 isbn = {978-3-642-24468-1},
 location = {Berlin, Germany},
 pages = {272--283},
 numpages = {12},
 url = {http://dl.acm.org/citation.cfm?id=2042536.2042574},
 acmid = {2042574},
 publisher = {Springer-Verlag},
 address = {Berlin, Heidelberg},
}@inproceedings{Hrebicek:2011:CPE:2042791.2042855,
 author = {H\v{r}eb\'{\i}\v{c}ek, Ji\v{r}\'{\i} and \v{S}tencl, Michael and Trenz, Old\v{r}ich and Soukopov\'{a}, Jana},
 title = {Corporate Performance Evaluation and Reporting},
 booktitle = {Proceedings of the 11th WSEAS International Conference on Applied Informatics and Communications, and Proceedings of the 4th WSEAS International Conference on Biomedical Electronics and Biomedical Informatics, and Proceedings of the International Conference on Computational Engineering in Systems Applications},
 series = {AIASABEBI'11},
 year = {2011},
 isbn = {978-1-61804-028-2},
 location = {Florence, Italy},
 pages = {338--343},
 numpages = {6},
 url = {http://dl.acm.org/citation.cfm?id=2042791.2042855},
 acmid = {2042855},
 publisher = {World Scientific and Engineering Academy and Society (WSEAS)},
 address = {Stevens Point, Wisconsin, USA},
 keywords = {ESG performance, GRI, UN global compact, UNEP FI, key performance indicators, performance evaluation, sustainability reporting},
}@incollection{Cappello:2011:QAS:2043021.2043052,
 author = {Cappello, Igor and Clark, Allan and Gilmore, Stephen and Latella, Diego and Loreti, Michele and Quaglia, Paola and Schivo, Stefano},
 chapter = {Quantitative Analysis of Services},
 title = {Rigorous Software Engineering for Service-oriented Systems},
 editor = {Wirsing, Martin and H\"{o}lzl, Matthias},
 year = {2011},
 isbn = {978-3-642-20400-5},
 pages = {522--540},
 numpages = {19},
 url = {http://dl.acm.org/citation.cfm?id=2043021.2043052},
 acmid = {2043052},
 publisher = {Springer-Verlag},
 address = {Berlin, Heidelberg},
}@inproceedings{Spohr:2011:MLA:2063016.2063059,
 author = {Spohr, Dennis and Hollink, Laura and Cimiano, Philipp},
 title = {A Machine Learning Approach to Multilingual and Cross-lingual Ontology Matching},
 booktitle = {Proceedings of the 10th International Conference on The Semantic Web - Volume Part I},
 series = {ISWC'11},
 year = {2011},
 isbn = {978-3-642-25072-9},
 location = {Bonn, Germany},
 pages = {665--680},
 numpages = {16},
 url = {http://dl.acm.org/citation.cfm?id=2063016.2063059},
 acmid = {2063059},
 publisher = {Springer-Verlag},
 address = {Berlin, Heidelberg},
 keywords = {interoperability of financial information, machine learning, multilingual and cross-lingual ontology matching},
}@article{Bonson:2011:BET:2071276.2071277,
 author = {Bonson, Enrique and Escobar, Tomas and Flores, Francisco},
 title = {BaselMapper: An Experimental Tool for Managing Operational Risk in Banks},
 journal = {Int. J. Metadata Semant. Ontologies},
 issue_date = {September 2011},
 volume = {6},
 number = {1},
 month = sep,
 year = {2011},
 issn = {1744-2621},
 pages = {1--9},
 numpages = {9},
 url = {http://dx.doi.org/10.1504/IJMSO.2011.042486},
 doi = {10.1504/IJMSO.2011.042486},
 acmid = {2071277},
 publisher = {Inderscience Publishers},
 address = {Inderscience Publishers, Geneva, SWITZERLAND},
}@inproceedings{Bharosa:2011:TLU:2072069.2072095,
 author = {Bharosa, Nitesh and Janssen, Marijn and Hulstijn, Joris and van Wijk, Remco and de Winne, Niels and Tan, Yao-hua},
 title = {Towards a Lean-government Using New IT-architectures for Compliance Monitoring},
 booktitle = {Proceedings of the 5th International Conference on Theory and Practice of Electronic Governance},
 series = {ICEGOV '11},
 year = {2011},
 isbn = {978-1-4503-0746-8},
 location = {Tallinn, Estonia},
 pages = {147--156},
 numpages = {10},
 url = {http://doi.acm.org/10.1145/2072069.2072095},
 doi = {10.1145/2072069.2072095},
 acmid = {2072095},
 publisher = {ACM},
 address = {New York, NY, USA},
 keywords = {IT-architectures, continuous control monitoring, information exchange, lean-government, standard business reporting},
}@inproceedings{Yammeesri:2010:OAI:2075005.2075012,
 author = {Yammeesri, Jira and Kang, Seung Hwan and Lau, Sim Kim},
 title = {Ontology-driven Accounting Information System: Case Study of the Stock Exchange of Thailand},
 booktitle = {Proceedings of the 5th International Conference on Knowledge, Information, and Creativity Support Systems},
 series = {KICSS'10},
 year = {2011},
 isbn = {978-3-642-24787-3},
 location = {Chiang Mai, Thailand},
 pages = {68--27},
 numpages = {-40},
 url = {http://dl.acm.org/citation.cfm?id=2075005.2075012},
 acmid = {2075012},
 publisher = {Springer-Verlag},
 address = {Berlin, Heidelberg},
 keywords = {AIS, corporate governance, ontology, semantic web},
}@inproceedings{Spies:2011:RDM:2075505.2075508,
 author = {Spies, Marcus},
 title = {Rule-enhanced Domain Models for Cloud Security Governance, Risk and Compliance Management},
 booktitle = {Proceedings of the 5th International Conference on Rule-based Modeling and Computing on the Semantic Web},
 series = {RuleML'11},
 year = {2011},
 isbn = {978-3-642-24907-5},
 location = {Ft. Lauderdale, FL, USA},
 pages = {2--9},
 numpages = {8},
 url = {http://dl.acm.org/citation.cfm?id=2075505.2075508},
 acmid = {2075508},
 publisher = {Springer-Verlag},
 address = {Berlin, Heidelberg},
}@article{Troshani:2011:OAE:2075986.2075990,
 author = {Troshani, Indrit and Rampersad, Giselle and Plewa, Carolin},
 title = {Organisational Adoption of e-Business: The Case of an Innovation Management Tool at a University and Technology Transfer Office},
 journal = {Int. J. Netw. Virtual Organ.},
 issue_date = {September 2011},
 volume = {9},
 number = {3},
 month = sep,
 year = {2011},
 issn = {1470-9503},
 pages = {265--282},
 numpages = {18},
 url = {http://dx.doi.org/10.1504/IJNVO.2011.042483},
 doi = {10.1504/IJNVO.2011.042483},
 acmid = {2075990},
 publisher = {Inderscience Publishers},
 address = {Inderscience Publishers, Geneva, SWITZERLAND},
}@article{Zhao:2011:MFC:2139893.2139905,
 author = {Zhao, Kexin and Xia, Mu and Shaw, Michael},
 title = {What Motivates Firms to Contribute to Consortium-Based E-Business Standardization?},
 journal = {J. Manage. Inf. Syst.},
 issue_date = {Number 2 / Fall 2011},
 volume = {28},
 number = {2},
 month = oct,
 year = {2011},
 issn = {0742-1222},
 pages = {305--334},
 numpages = {30},
 url = {http://dx.doi.org/10.2753/MIS0742-1222280211},
 doi = {10.2753/MIS0742-1222280211},
 acmid = {2139905},
 publisher = {M. E. Sharpe, Inc.},
 address = {Armonk, NY, USA},
 keywords = {Collective Action Theory, E-Business Standards, It Vendors, Motivations To Contribute, Standard Consortia, User Organizations},
}@article{Callaghan:2012:MBA:2213636.2213640,
 author = {Callaghan, Joseph H. and Nehmer, Robert A. and Sugumaran, Vijayan},
 title = {Modelling Business Applications with XBRL and UML},
 journal = {Int. J. Bus. Inf. Syst.},
 issue_date = {May 2012},
 volume = {10},
 number = {1},
 month = may,
 year = {2012},
 issn = {1746-0972},
 pages = {68--92},
 numpages = {25},
 url = {http://dx.doi.org/10.1504/IJBIS.2012.046681},
 doi = {10.1504/IJBIS.2012.046681},
 acmid = {2213640},
 publisher = {Inderscience Publishers},
 address = {Inderscience Publishers, Geneva, SWITZERLAND},
}@article{Gonzalez-Carrasco:2012:PPB:2228626.2228797,
 author = {Gonzalez-Carrasco, Israel and Colomo-Palacios, Ricardo and Lopez-Cuadrado, Jose Luis and Garc\ia-Crespo, \'{A}ngel and Ruiz-Mezcua, Bel{\'e}n},
 title = {PB-ADVISOR: A Private Banking Multi-investment Portfolio Advisor},
 journal = {Inf. Sci.},
 issue_date = {November, 2012},
 volume = {206},
 month = nov,
 year = {2012},
 issn = {0020-0255},
 pages = {63--82},
 numpages = {20},
 url = {http://dx.doi.org/10.1016/j.ins.2012.04.008},
 doi = {10.1016/j.ins.2012.04.008},
 acmid = {2228797},
 publisher = {Elsevier Science Inc.},
 address = {New York, NY, USA},
 keywords = {Fuzzy logic, Investment portfolio, Recommender system, Semantic technology},
}@article{Lorca:2012:SCD:2274636.2274638,
 author = {Lorca, Pedro and Andr\&\#x00e9;es, Javier De and Mart\&\#x00ed;nez, Ana B.},
 title = {Size and Culture As Determinants of the Web Policy of Listed Firms: The Case of Web Accessibility in Western European Countries},
 journal = {J. Am. Soc. Inf. Sci. Technol.},
 issue_date = {February 2012},
 volume = {63},
 number = {2},
 month = feb,
 year = {2012},
 issn = {1532-2882},
 pages = {392--405},
 numpages = {14},
 url = {http://dx.doi.org/10.1002/asi.21650},
 doi = {10.1002/asi.21650},
 acmid = {2274638},
 publisher = {John Wiley \&amp; Sons, Inc.},
 address = {New York, NY, USA},
 keywords = {Europe, adaptive technologies, information architecture, organizational culture, organizational environment},
}@article{Youngberg:2009:DPA:2297508.2297704,
 author = {Youngberg, Elaine and Olsen, David and Hauser, Karina},
 title = {Determinants of Professionally Autonomous End User Acceptance in an Enterprise Resource Planning System Environment},
 journal = {Int. J. Inf. Manag.},
 issue_date = {April, 2009},
 volume = {29},
 number = {2},
 month = apr,
 year = {2009},
 issn = {0268-4012},
 pages = {138--144},
 numpages = {7},
 url = {http://dx.doi.org/10.1016/j.ijinfomgt.2008.06.001},
 doi = {10.1016/j.ijinfomgt.2008.06.001},
 acmid = {2297704},
 publisher = {Elsevier Science Publishers B. V.},
 address = {Amsterdam, The Netherlands, The Netherlands},
 keywords = {Enterprise resource planning, Professionally autonomous end users, Technology acceptance model},
}@inproceedings{Klievink:2012:BPB:2307729.2307758,
 author = {Klievink, Bram and Janssen, Marijn and Tan, Yao-Hua},
 title = {Blurring Public-private Boundaries: Governance of Information Sharing in Global Trade Networks},
 booktitle = {Proceedings of the 13th Annual International Conference on Digital Government Research},
 series = {dg.o '12},
 year = {2012},
 isbn = {978-1-4503-1403-9},
 location = {College Park, Maryland, USA},
 pages = {183--191},
 numpages = {9},
 url = {http://doi.acm.org/10.1145/2307729.2307758},
 doi = {10.1145/2307729.2307758},
 acmid = {2307758},
 publisher = {ACM},
 address = {New York, NY, USA},
 keywords = {data sharing, global trade, governance, infrastructure, networks, public-private collaboration},
}@article{Meilicke:2012:MBM:2388126.2388324,
 author = {Meilicke, Christian and Garc\'{\i}A-Castro, Ra\'{u}L and Freitas, Fred and Van Hage, Willem Robert and Montiel-Ponsoda, Elena and Ribeiro De Azevedo, Ryan and Stuckenschmidt, Heiner and \v{S}V\'{a}B-Zamazal, Ond\v{r}Ej and Sv\'{a}Tek, Vojtch and Tamilin, Andrei and Trojahn, C\'{a}Ssia and Wang, Shenghui},
 title = {MultiFarm: A Benchmark for Multilingual Ontology Matching},
 journal = {Web Semant.},
 issue_date = {September, 2012},
 volume = {15},
 month = sep,
 year = {2012},
 issn = {1570-8268},
 pages = {62--68},
 numpages = {7},
 url = {http://dx.doi.org/10.1016/j.websem.2012.04.001},
 doi = {10.1016/j.websem.2012.04.001},
 acmid = {2388324},
 publisher = {Elsevier Science Publishers B. V.},
 address = {Amsterdam, The Netherlands, The Netherlands},
 keywords = {Benchmarking, Data integration, Multilingualism, Ontology matching},
}@article{Hamlen:2013:DSS:2396900.2397075,
 author = {Hamlen, Kevin W. and Thuraisingham, Bhavani},
 title = {Data Security Services, Solutions and Standards for Outsourcing},
 journal = {Comput. Stand. Interfaces},
 issue_date = {January, 2013},
 volume = {35},
 number = {1},
 month = jan,
 year = {2013},
 issn = {0920-5489},
 pages = {1--5},
 numpages = {5},
 url = {http://dx.doi.org/10.1016/j.csi.2012.02.001},
 doi = {10.1016/j.csi.2012.02.001},
 acmid = {2397075},
 publisher = {Elsevier Science Publishers B. V.},
 address = {Amsterdam, The Netherlands, The Netherlands},
 keywords = {Access control, Identity management, Inference control, Mobile code security, Web services},
}@article{Du:2012:IFD:2397716.2397769,
 author = {Du, Jie and Zhou, Lina},
 title = {Improving Financial Data Quality Using Ontologies},
 journal = {Decis. Support Syst.},
 issue_date = {December, 2012},
 volume = {54},
 number = {1},
 month = dec,
 year = {2012},
 issn = {0167-9236},
 pages = {76--86},
 numpages = {11},
 url = {http://dx.doi.org/10.1016/j.dss.2012.04.016},
 doi = {10.1016/j.dss.2012.04.016},
 acmid = {2397769},
 publisher = {Elsevier Science Publishers B. V.},
 address = {Amsterdam, The Netherlands, The Netherlands},
 keywords = {Data quality, Financial decision-making, Ontology, Ontology mapping, Portfolio management},
}@inproceedings{Ghahremanloo:2012:ODH:2407085.2407095,
 author = {Ghahremanloo, Lida and Thom, James A. and Magee, Liam},
 title = {An Ontology Derived from Heterogeneous Sustainability Indicator Set Documents},
 booktitle = {Proceedings of the Seventeenth Australasian Document Computing Symposium},
 series = {ADCS '12},
 year = {2012},
 isbn = {978-1-4503-1411-4},
 location = {Dunedin, New Zealand},
 pages = {72--79},
 numpages = {8},
 url = {http://doi.acm.org/10.1145/2407085.2407095},
 doi = {10.1145/2407085.2407095},
 acmid = {2407095},
 publisher = {ACM},
 address = {New York, NY, USA},
 keywords = {ontology engineering, ontology evaluation, sustainability indicators},
}@article{Abrahams:2013:CCE:2422999.2423123,
 author = {Abrahams, Alan S. and Barkhi, Reza},
 title = {Concept Comparison Engines},
 journal = {Decis. Support Syst.},
 issue_date = {January, 2013},
 volume = {54},
 number = {2},
 month = jan,
 year = {2013},
 issn = {0167-9236},
 pages = {904--918},
 numpages = {15},
 url = {http://dx.doi.org/10.1016/j.dss.2012.09.014},
 doi = {10.1016/j.dss.2012.09.014},
 acmid = {2423123},
 publisher = {Elsevier Science Publishers B. V.},
 address = {Amsterdam, The Netherlands, The Netherlands},
 keywords = {Preferential choice, Search engine, Text mining},
}@article{Otto:2012:CFS:2423740.2423824,
 author = {Otto, Boris and Folmer, Erwin and Ebner, Verena},
 title = {A Characteristics Framework for Semantic Information Systems Standards},
 journal = {Inf. Syst. E-bus. Manag.},
 issue_date = {December  2012},
 volume = {10},
 number = {4},
 month = dec,
 year = {2012},
 issn = {1617-9846},
 pages = {571--602},
 numpages = {32},
 url = {http://dx.doi.org/10.1007/s10257-011-0183-3},
 doi = {10.1007/s10257-011-0183-3},
 acmid = {2423824},
 publisher = {Springer-Verlag New York, Inc.},
 address = {Secaucus, NJ, USA},
 keywords = {Case study research, Framework design, Semantic IS Standards, Standardization},
}@article{Rodriguez-Gonzalez:2012:FFA:2424857.2424901,
 author = {Rodr\'{\i}guez-Gonz\'{a}lez, Alejandro and Colomo-Palacios, Ricardo and Guldris-Iglesias, Fernando and G\'{o}mez-Berb\'{\i}s, Juan Miguel and Garc\'{\i}a-Crespo, Angel},
 title = {FAST: Fundamental Analysis Support for Financial Statements. Using Semantics for Trading Recommendations},
 journal = {Information Systems Frontiers},
 issue_date = {December  2012},
 volume = {14},
 number = {5},
 month = dec,
 year = {2012},
 issn = {1387-3326},
 pages = {999--1017},
 numpages = {19},
 url = {http://dx.doi.org/10.1007/s10796-011-9321-1},
 doi = {10.1007/s10796-011-9321-1},
 acmid = {2424901},
 publisher = {Kluwer Academic Publishers},
 address = {Hingham, MA, USA},
 keywords = {Fundamental analysis, Reasoning, Semantic technologies, Trading system},
}@article{Wenger:2013:FRC:2434292.2434294,
 author = {Wenger, Mitchell R. and Thomas, Manoj A. and Babb, Jeffry Stephen},
 title = {Financial Reporting Comparability: Toward an XBRL Ontology of the FASB\&\#47;IFRS Conceptual Framework},
 journal = {Int. J. Electron. Financ.},
 issue_date = {January 2013},
 volume = {7},
 number = {1},
 month = jan,
 year = {2013},
 issn = {1746-0069},
 pages = {15--32},
 numpages = {18},
 url = {http://dx.doi.org/10.1504/IJEF.2013.051754},
 doi = {10.1504/IJEF.2013.051754},
 acmid = {2434294},
 publisher = {Inderscience Publishers},
 address = {Inderscience Publishers, Geneva, SWITZERLAND},
}@article{CaetanodaSilva:2012:APO:2438575.2438578,
 author = {Caetano da Silva, Paulo and Times, Val{\'e}ria Ces\'{a}rio and Ciferri, Ricardo Rodrigues and Ciferri, Cristina Dutra de Aguiar},
 title = {Analytical Processing Over XML and XLink},
 journal = {Int. J. Data Warehous. Min.},
 issue_date = {January 2012},
 volume = {8},
 number = {1},
 month = jan,
 year = {2012},
 issn = {1548-3924},
 pages = {52--92},
 numpages = {41},
 url = {http://dx.doi.org/10.4018/jdwm.2012010103},
 doi = {10.4018/jdwm.2012010103},
 acmid = {2438578},
 publisher = {IGI Global},
 address = {Hershey, PA, USA},
 keywords = {Link-Based and Multidimensional Query Language LMDQL, On-Line Analytical Processing OLAP, XLPath, XLink-Based Multidimensional Metamodel XLDM, XML Linking Language XLink, eXtensible Markup Language XML},
}@article{Madden:2011:GAL:2438604.2438605,
 author = {Madden, Paul},
 title = {Greater Accountability, Less Red Tape: The Australian Standard Business Reporting Experience},
 journal = {Int. J. E-Bus. Res.},
 issue_date = {April 2011},
 volume = {7},
 number = {2},
 month = apr,
 year = {2011},
 issn = {1548-1131},
 pages = {1--10},
 numpages = {10},
 url = {http://dx.doi.org/10.4018/jebr.2011040101},
 doi = {10.4018/jebr.2011040101},
 acmid = {2438605},
 publisher = {IGI Global},
 address = {Hershey, PA, USA},
 keywords = {Collaborative Processes, Community Standards-Based Systems, E-Government, SBR Program, eXtensible Business Reporting Language},
}@article{Ahmadpour:2011:IGD:2438604.2438606,
 author = {Ahmadpour, Ahmad},
 title = {The Improvement of Governance Decision Making Using XBRL},
 journal = {Int. J. E-Bus. Res.},
 issue_date = {April 2011},
 volume = {7},
 number = {2},
 month = apr,
 year = {2011},
 issn = {1548-1131},
 pages = {11--18},
 numpages = {8},
 url = {http://dx.doi.org/10.4018/jebr.2011040102},
 doi = {10.4018/jebr.2011040102},
 acmid = {2438606},
 publisher = {IGI Global},
 address = {Hershey, PA, USA},
 keywords = {Corporate Governance, Decision Making, Financial Information, Transparency, eXtensible Business Reporting Language XBRL},
}@article{Zhu:2011:IXF:2438604.2438607,
 author = {Zhu, Hongwei and Wu, Harris},
 title = {Interoperability of XBRL Financial Statements in the U.S.},
 journal = {Int. J. E-Bus. Res.},
 issue_date = {April 2011},
 volume = {7},
 number = {2},
 month = apr,
 year = {2011},
 issn = {1548-1131},
 pages = {19--33},
 numpages = {15},
 url = {http://dx.doi.org/10.4018/jebr.2011040103},
 doi = {10.4018/jebr.2011040103},
 acmid = {2438607},
 publisher = {IGI Global},
 address = {Hershey, PA, USA},
 keywords = {Data Quality, GAAP Taxonomy, Interoperability, Long Tail, XBRL},
}@article{Satoh:2011:XTE:2438604.2438608,
 author = {Satoh, Fumiko},
 title = {XBRL Taxonomy for Estimating the Effects of Greenhouse Gas Emissions on Corporate Financial Positions},
 journal = {Int. J. E-Bus. Res.},
 issue_date = {April 2011},
 volume = {7},
 number = {2},
 month = apr,
 year = {2011},
 issn = {1548-1131},
 pages = {34--55},
 numpages = {22},
 url = {http://dx.doi.org/10.4018/jebr.2011040104},
 doi = {10.4018/jebr.2011040104},
 acmid = {2438608},
 publisher = {IGI Global},
 address = {Hershey, PA, USA},
 keywords = {Business Data Processing, Data Integration, Environmental Impact Assessment, Environmental Reporting, Finance, Information Systems, XML},
}@article{Ravichandran:2010:EEA:2439235.2439239,
 author = {Ravichandran, T. and Mendoza, Rub{\'e}n A.},
 title = {An Empirical Evaluation of the Assimilation of Industry-Specific Data Standards Using Firm-Level and Community-Level Constructs},
 journal = {Int. J. Enterp. Inf. Syst.},
 issue_date = {April 2010},
 volume = {6},
 number = {2},
 month = apr,
 year = {2010},
 issn = {1548-1115},
 pages = {58--81},
 numpages = {24},
 url = {http://dx.doi.org/10.4018/jeis.2010040104},
 doi = {10.4018/jeis.2010040104},
 acmid = {2439239},
 publisher = {IGI Global},
 address = {Hershey, PA, USA},
 keywords = {Assimilation, Complex Networked Technologies, Technology Assimilation, Vertical Standards, eXtensible Markup Language XML},
}@article{Janssen:2011:TPN:2442042.2442045,
 author = {Janssen, Marijn and Bharosa, Nitesh and de Winne, Niels and van Wijk, Remco and Hulstijn, Joris},
 title = {Transforming Public-Private Networks An XBRL-Based Infrastructure for Transforming Business-to-Government Information Exchange},
 journal = {Int. J. Electron. Gov. Res.},
 issue_date = {October 2011},
 volume = {7},
 number = {4},
 month = oct,
 year = {2011},
 issn = {1548-3886},
 pages = {35--45},
 numpages = {11},
 url = {http://dx.doi.org/10.4018/jegr.2011100103},
 doi = {10.4018/jegr.2011100103},
 acmid = {2442045},
 publisher = {IGI Global},
 address = {Hershey, PA, USA},
 keywords = {E-government, Extensible Business Reporting Language XBRL, Information Exchange, Information Intermediaries, Infrastructure, Standard Business Reporting SBR, Transformation},
}@article{Jiang:2009:WCG:2445143.2445146,
 author = {Jiang, Yabing and Raghupathi, Viju and Raghupathi, Wullianallur},
 title = {Web-Based Corporate Governance Information Disclosure: An Empirical Investigation},
 journal = {Inf. Resour. Manage. J.},
 issue_date = {April 2009},
 volume = {22},
 number = {2},
 month = apr,
 year = {2009},
 issn = {1040-1628},
 pages = {50--68},
 numpages = {19},
 url = {http://dx.doi.org/10.4018/irmj.2009092203},
 doi = {10.4018/irmj.2009092203},
 acmid = {2445146},
 publisher = {IGI Global},
 address = {Hershey, PA, USA},
}@article{Jiang:2010:ICG:2448333.2448334,
 author = {Jiang, Yabing and Raghupathi, Wullianallur},
 title = {IT-Enabled Corporate Governance: The Characteristics and Determinants of Web-based Corporate Governance Disclosures},
 journal = {Inf. Resour. Manage. J.},
 issue_date = {October 2010},
 volume = {23},
 number = {4},
 month = oct,
 year = {2010},
 issn = {1040-1628},
 pages = {1--20},
 numpages = {20},
 url = {http://dx.doi.org/10.4018/irmj.2010100101},
 doi = {10.4018/irmj.2010100101},
 acmid = {2448334},
 publisher = {IGI Global},
 address = {Hershey, PA, USA},
 keywords = {Corporate Governance, Disclosure, Information Technology, Transparency, Web Page Content, Web Page Design},
}@article{Mendoza:2012:ESI:2448860.2448864,
 author = {Mendoza, Rub{\'e}n A.},
 title = {An Exploratory Study of Infrastructure Barriers and the Role of Semantic Data Exchange Technologies in the Provisioning of Business Intelligence Services},
 journal = {Int. J. Strateg. Inf. Technol. Appl.},
 issue_date = {July 2012},
 volume = {3},
 number = {3},
 month = jul,
 year = {2012},
 issn = {1947-3095},
 pages = {45--59},
 numpages = {15},
 url = {http://dx.doi.org/10.4018/jsita.2012070104},
 doi = {10.4018/jsita.2012070104},
 acmid = {2448864},
 publisher = {IGI Global},
 address = {Hershey, PA, USA},
 keywords = {Architecture, Business Intelligence, Extensible Markup Language XML, Infrastructure, Operational Business Intelligence, Service Provisioning},
}@inproceedings{Luna-Reyes:2012:BOG:2463728.2463730,
 author = {Luna-Reyes, Luis F. and Pardo, Theresa A. and Sayogo, Djoko Sigit and Tayi, Giri Kumar and Andersen, David F. and Zhang, Jing and Hrdinova, Jana},
 title = {Beyond Open Government: Ontologies and Data Architectures to Support Ethical Consumption},
 booktitle = {Proceedings of the 6th International Conference on Theory and Practice of Electronic Governance},
 series = {ICEGOV '12},
 year = {2012},
 isbn = {978-1-4503-1200-4},
 location = {Albany, New York, USA},
 pages = {1--4},
 numpages = {4},
 url = {http://doi.acm.org/10.1145/2463728.2463730},
 doi = {10.1145/2463728.2463730},
 acmid = {2463730},
 publisher = {ACM},
 address = {New York, NY, USA},
 keywords = {ethical consumption, private sector transparency, supply-chain, sustainability},
}@article{Curry:2013:LBD:2467339.2467488,
 author = {Curry, Edward and O'Donnell, James and Corry, Edward and Hasan, Souleiman and Keane, Marcus and O'Riain, Se\'{a}N},
 title = {Linking Building Data in the Cloud: Integrating Cross-domain Building Data Using Linked Data},
 journal = {Adv. Eng. Inform.},
 issue_date = {April, 2013},
 volume = {27},
 number = {2},
 month = apr,
 year = {2013},
 issn = {1474-0346},
 pages = {206--219},
 numpages = {14},
 url = {http://dx.doi.org/10.1016/j.aei.2012.10.003},
 doi = {10.1016/j.aei.2012.10.003},
 acmid = {2467488},
 publisher = {Elsevier Science Publishers B. V.},
 address = {Amsterdam, The Netherlands, The Netherlands},
 keywords = {Building energy analysis, Building information model, Building management, Data as a service, Data interoperability, Linked data},
}@inproceedings{Bharosa:2013:DMP:2479724.2479747,
 author = {Bharosa, Nitesh and Janssen, Marijn and Klievink, Bram and Tan, Yao-hua},
 title = {Developing Multi-sided Platforms for Public-private Information Sharing: Design Observations from Two Case Studies},
 booktitle = {Proceedings of the 14th Annual International Conference on Digital Government Research},
 series = {dg.o '13},
 year = {2013},
 isbn = {978-1-4503-2057-3},
 location = {Quebec, Canada},
 pages = {146--155},
 numpages = {10},
 url = {http://doi.acm.org/10.1145/2479724.2479747},
 doi = {10.1145/2479724.2479747},
 acmid = {2479747},
 publisher = {ACM},
 address = {New York, NY, USA},
 keywords = {design observations, multi-sided information platforms, standard business reporting, supply chains},
}@book{Barry:2013:WSS:2500959,
 author = {Barry, Douglas K.},
 title = {Web Services, Service-Oriented Architectures, and Cloud Computing, Second Edition: The Savvy Manager's Guide},
 year = {2013},
 isbn = {0123983576, 9780123983572},
 edition = {2nd},
 publisher = {Morgan Kaufmann Publishers Inc.},
 address = {San Francisco, CA, USA},
}@article{Troshani:2013:MSR:2505794.2505796,
 author = {Troshani, Indrit and Rampersad, Giselle and Wickramasinghe, Nilmini},
 title = {Managing SaaS Risk in Higher Education Organisations: A Case Study},
 journal = {Int. J. E-Bus. Res.},
 issue_date = {April 2013},
 volume = {9},
 number = {2},
 month = apr,
 year = {2013},
 issn = {1548-1131},
 pages = {8--23},
 numpages = {16},
 url = {http://dx.doi.org/10.4018/jebr.2013040102},
 doi = {10.4018/jebr.2013040102},
 acmid = {2505796},
 publisher = {IGI Global},
 address = {Hershey, PA, USA},
 keywords = {Adoption, Higher Education, Information and Communication Technology ICT, Risk, Software-as-a-Service SaaS},
}@inproceedings{Boella:2013:MLI:2514601.2514605,
 author = {Boella, Guido and Janssen, Marijn and Hulstijn, Joris and Humphreys, Llio and van der Torre, Leendert},
 title = {Managing Legal Interpretation in Regulatory Compliance},
 booktitle = {Proceedings of the Fourteenth International Conference on Artificial Intelligence and Law},
 series = {ICAIL '13},
 year = {2013},
 isbn = {978-1-4503-2080-1},
 location = {Rome, Italy},
 pages = {23--32},
 numpages = {10},
 url = {http://doi.acm.org/10.1145/2514601.2514605},
 doi = {10.1145/2514601.2514605},
 acmid = {2514605},
 publisher = {ACM},
 address = {New York, NY, USA},
}@article{Liu:2013:XNG:2525247.2525251,
 author = {Liu, Chunhui},
 title = {XBRL: A New Global Paradigm for Business Financial Reporting},
 journal = {J. Glob. Inf. Manage.},
 issue_date = {July 2013},
 volume = {21},
 number = {3},
 month = jul,
 year = {2013},
 issn = {1062-7375},
 pages = {60--80},
 numpages = {21},
 url = {http://dx.doi.org/10.4018/jgim.2013070104},
 doi = {10.4018/jgim.2013070104},
 acmid = {2525251},
 publisher = {IGI Global},
 address = {Hershey, PA, USA},
 keywords = {Business Financial Reporting, Culture, Global Standards, Iacovou et al. Model, Information Technology, Review, Signaling, Technology Acceptance Model, Theory of Planned Behavior, Theory of Reasoned Action, XBRL eXtensible Business Reporting Language},
}@inproceedings{Mota:2013:SEX:2526188.2526222,
 author = {Mota, Marta and da Silva, Paulo Caetano and Viana, Sidney},
 title = {Similarity Evaluation in XML Schema and XLink},
 booktitle = {Proceedings of the 19th Brazilian Symposium on Multimedia and the Web},
 series = {WebMedia '13},
 year = {2013},
 isbn = {978-1-4503-2559-2},
 location = {Salvador, Brazil},
 pages = {153--156},
 numpages = {4},
 url = {http://doi.acm.org/10.1145/2526188.2526222},
 doi = {10.1145/2526188.2526222},
 acmid = {2526222},
 publisher = {ACM},
 address = {New York, NY, USA},
 keywords = {XBRL, XLink, data management, duplicate detection, similarity evaluation},
}@article{Liu:2013:XNG:2532095.2532099,
 author = {Liu, Chunhui},
 title = {XBRL: A New Global Paradigm for Business Financial Reporting},
 journal = {J. Glob. Inf. Manage.},
 issue_date = {July 2013},
 volume = {21},
 number = {3},
 month = jul,
 year = {2013},
 issn = {1062-7375},
 pages = {60--80},
 numpages = {21},
 url = {http://dx.doi.org/10.4018/jgim.2013070104},
 doi = {10.4018/jgim.2013070104},
 acmid = {2532099},
 publisher = {IGI Global},
 address = {Hershey, PA, USA},
 keywords = {Business Financial Reporting, Culture, Global Standards, Iacovou et al. Model, Information Technology, Review, Signaling, Technology Acceptance Model, Theory of Planned Behavior, Theory of Reasoned Action, XBRL eXtensible Business Reporting Language},
}@article{Tsui:2014:KEI:2560969.2561392,
 author = {Tsui, Eric and Wang, W. M. and Cai, Linlin and Cheung, C. F. and Lee, W. B.},
 title = {Knowledge-based Extraction of Intellectual Capital-related Information from Unstructured Data},
 journal = {Expert Syst. Appl.},
 issue_date = {March, 2014},
 volume = {41},
 number = {4},
 month = mar,
 year = {2014},
 issn = {0957-4174},
 pages = {1315--1325},
 numpages = {11},
 url = {http://dx.doi.org/10.1016/j.eswa.2013.08.029},
 doi = {10.1016/j.eswa.2013.08.029},
 acmid = {2561392},
 publisher = {Pergamon Press, Inc.},
 address = {Tarrytown, NY, USA},
 keywords = {Case-based reasoning, Information extraction, Intellectual capital management, Knowledge-based systems, Unstructured information management},
}@article{Mayer:2013:MAE:2584130.2584163,
 author = {Mayer, J\"{o}rg H. and Steinecke, Neon and Quick, Reiner and Weitzel, Timm},
 title = {More Applicable Environmental Scanning Systems Leveraging "Modern" Information Systems},
 journal = {Inf. Syst. E-bus. Manag.},
 issue_date = {December  2013},
 volume = {11},
 number = {4},
 month = dec,
 year = {2013},
 issn = {1617-9846},
 pages = {507--540},
 numpages = {34},
 url = {http://dx.doi.org/10.1007/s10257-012-0207-7},
 doi = {10.1007/s10257-012-0207-7},
 acmid = {2584163},
 publisher = {Springer-Verlag New York, Inc.},
 address = {Secaucus, NJ, USA},
 keywords = {"Modern" information system technology, Balanced threat and opportunity management, Corporate management, Information systems (IS) design},
}@article{Pathak:2013:EBR:2584269.2584276,
 author = {Pathak, Jagdish},
 title = {Extensible Business Reporting Language XBRL: Potential of Research in XBRL As a Social Artifact-An Essay},
 journal = {Int. J. Enterp. Inf. Syst.},
 issue_date = {October 2013},
 volume = {9},
 number = {4},
 month = oct,
 year = {2013},
 issn = {1548-1115},
 pages = {99--102},
 numpages = {4},
 url = {http://dx.doi.org/10.4018/ijeis.2013100107},
 doi = {10.4018/ijeis.2013100107},
 acmid = {2584276},
 publisher = {IGI Global},
 address = {Hershey, PA, USA},
 keywords = {Artifacts, Finance, Information Systems, Social, eXtensible Business Reporting Language XBRL},
}@article{Novikov:2013:PAS:2584315.2584318,
 author = {Novikov, Boris and Pigul, Alice and Yarygina, Anna},
 title = {A Performance Analysis of Semantic Caching for XML Query Processing},
 journal = {Int. J. Knowledge-Based Organ.},
 issue_date = {October 2013},
 volume = {3},
 number = {4},
 month = oct,
 year = {2013},
 issn = {2155-6393},
 pages = {40--60},
 numpages = {21},
 url = {http://dx.doi.org/10.4018/ijkbo.2013100103},
 doi = {10.4018/ijkbo.2013100103},
 acmid = {2584318},
 publisher = {IGI Global},
 address = {Hershey, PA, USA},
 keywords = {Distributed Systems, Extensible Markup Language XML, Heterogeneous Resources, Information Systems, Performance, Query Processing, Semantic Caching, Semi-Structured Data},
}@article{Zhu:2014:AQL:2592306.2592494,
 author = {Zhu, Hongwei and Wu, Harris},
 title = {Assessing the Quality of Large-scale Data Standards: A Case of XBRL GAAP Taxonomy},
 journal = {Decis. Support Syst.},
 issue_date = {March, 2014},
 volume = {59},
 month = mar,
 year = {2014},
 issn = {0167-9236},
 pages = {351--360},
 numpages = {10},
 url = {http://dx.doi.org/10.1016/j.dss.2014.01.006},
 doi = {10.1016/j.dss.2014.01.006},
 acmid = {2592494},
 publisher = {Elsevier Science Publishers B. V.},
 address = {Amsterdam, The Netherlands, The Netherlands},
 keywords = {Data quality, Data standards, GAAP Taxonomy, Information quality, Quality assessment, XBRL},
}@article{Singh:2013:EST:2595310.2595316,
 author = {Singh, Harjit and Singh, Hardeep},
 title = {E-filing System for Tax Returns and Forms: Landmark e-Governance Initiative by the Government of India},
 journal = {J. E-Gov.},
 issue_date = {July 2013},
 volume = {36},
 number = {3},
 month = jul,
 year = {2013},
 issn = {1878-7673},
 pages = {125--135},
 numpages = {11},
 url = {http://dx.doi.org/10.3233/GOV-130348},
 doi = {10.3233/GOV-130348},
 acmid = {2595316},
 publisher = {IOS Press},
 address = {Amsterdam, The Netherlands, The Netherlands},
}@article{Garcia:2010:URP:2603632.2603637,
 author = {Garc\'{\i}a, Roberto},
 title = {Using the Rhizomer Platform for Semantic Decision Support Systems Development},
 journal = {Int. J. Decis Support Syst. Technol.},
 issue_date = {January 2010},
 volume = {2},
 number = {1},
 month = jan,
 year = {2010},
 issn = {1941-6296},
 pages = {60--80},
 numpages = {21},
 url = {http://dx.doi.org/10.4018/jdsst.2010101605},
 doi = {10.4018/jdsst.2010101605},
 acmid = {2603637},
 publisher = {IGI Global},
 address = {Hershey, PA, USA},
 keywords = {Dashboard, Decision Support, Financial Data, Interaction, RDF, Semantic, Semantic Web},
}@article{Mousa:2013:EAU:2603718.2603724,
 author = {Mousa, Rania},
 title = {E-Government Adoption in the U.K.: XBRL Project},
 journal = {Int. J. Electron. Gov. Res.},
 issue_date = {April 2013},
 volume = {9},
 number = {2},
 month = apr,
 year = {2013},
 issn = {1548-3886},
 pages = {101--119},
 numpages = {19},
 url = {http://dx.doi.org/10.4018/jegr.2013040106},
 doi = {10.4018/jegr.2013040106},
 acmid = {2603724},
 publisher = {IGI Global},
 address = {Hershey, PA, USA},
 keywords = {Adoption, Companies House, E-Government, Electronic Government, Extensible Business Reporting Language, Innovation, United Kingdom},
}@article{Sengupta:2011:DDI:2608313.2608315,
 author = {Sengupta, Arijit and Venkataraman, Ramesh},
 title = {DocBase: Design, Implementation and Evaluation of a Document Database for XML},
 journal = {J. Database Manage.},
 issue_date = {October 2011},
 volume = {22},
 number = {4},
 month = oct,
 year = {2011},
 issn = {1063-8016},
 pages = {30--56},
 numpages = {27},
 url = {http://dx.doi.org/10.4018/jdm.2011100102},
 doi = {10.4018/jdm.2011100102},
 acmid = {2608315},
 publisher = {IGI Global},
 address = {Hershey, PA, USA},
 keywords = {Digital Library, Document Database, Document Storage and Retrieval, Query Processing, eXtensible Markup Language XML},
}@inproceedings{Viseur:2014:IRS:2641580.2641591,
 author = {Viseur, Robert},
 title = {Initial Results from the Study of the Open Source Sector in Belgium},
 booktitle = {Proceedings of The International Symposium on Open Collaboration},
 series = {OpenSym '14},
 year = {2014},
 isbn = {978-1-4503-3016-9},
 location = {Berlin, Germany},
 pages = {7:1--7:5},
 articleno = {7},
 numpages = {5},
 url = {http://doi.acm.org/10.1145/2641580.2641591},
 doi = {10.1145/2641580.2641591},
 acmid = {2641591},
 publisher = {ACM},
 address = {New York, NY, USA},
 keywords = {business model, financial analysis, free software, graph analysis, market analysis, open source, web},
}@article{Rosillo:2014:ECU:2645493.2645623,
 author = {Rosillo, Rafael and Giner, Javier and Fuente, David},
 title = {The Effectiveness of the Combined Use of VIX and Support Vector Machines on the Prediction of S\&P 500},
 journal = {Neural Comput. Appl.},
 issue_date = {August    2014},
 volume = {25},
 number = {2},
 month = aug,
 year = {2014},
 issn = {0941-0643},
 pages = {321--332},
 numpages = {12},
 url = {http://dx.doi.org/10.1007/s00521-013-1487-7},
 doi = {10.1007/s00521-013-1487-7},
 acmid = {2645623},
 publisher = {Springer-Verlag},
 address = {London, UK, UK},
 keywords = {MACD, Machine learning, Quantitative trading strategies, RSI, Support Vector Machines, VIX},
}@article{Perdana:2014:ERM:2655085.2655087,
 author = {Perdana, Arif and Robb, Alastair and Rohde, Fiona},
 title = {Experimental Research and Multivariate Statistical Analyses in Business Information Systems Research \&\#45; a Meta-review},
 journal = {Int. J. Bus. Inf. Syst.},
 issue_date = {July 2014},
 volume = {16},
 number = {3},
 month = jul,
 year = {2014},
 issn = {1746-0972},
 pages = {247--270},
 numpages = {24},
 url = {http://dx.doi.org/10.1504/IJBIS.2014.063767},
 doi = {10.1504/IJBIS.2014.063767},
 acmid = {2655087},
 publisher = {Inderscience Publishers},
 address = {Inderscience Publishers, Geneva, SWITZERLAND},
}@article{Smith:2014:SIC:2661480.2661481,
 author = {Smith, Amber A. and Smith, Alan D. and Rupp, William T.},
 title = {Strategic Insights into the Critical Success Factors Online For-profit Educational Providers: Case Study},
 journal = {Int. J. Bus. Inf. Syst.},
 issue_date = {August 2014},
 volume = {17},
 number = {1},
 month = aug,
 year = {2014},
 issn = {1746-0972},
 pages = {1--32},
 numpages = {32},
 url = {http://dx.doi.org/10.1504/IJBIS.2014.064113},
 doi = {10.1504/IJBIS.2014.064113},
 acmid = {2661481},
 publisher = {Inderscience Publishers},
 address = {Inderscience Publishers, Geneva, SWITZERLAND},
}@article{Jeong:2014:CSF:2664116.2664120,
 author = {Jeong, Joon-Soo and Na, Kwan-Sik and You, Yen-Yoo},
 title = {A Case Study of Financial Statements Reporting System Based on XBRL Taxonomy in Accordance with Korean Public Institutions Adoption of K-IFRS},
 journal = {Cluster Computing},
 issue_date = {September 2014},
 volume = {17},
 number = {3},
 month = sep,
 year = {2014},
 issn = {1386-7857},
 pages = {817--826},
 numpages = {10},
 url = {http://dx.doi.org/10.1007/s10586-013-0293-4},
 doi = {10.1007/s10586-013-0293-4},
 acmid = {2664120},
 publisher = {Kluwer Academic Publishers},
 address = {Hingham, MA, USA},
 keywords = {Closing accounts, K-IFRS, PIFRS, XBRL},
}@article{Janssen:2014:IBM:2674311.2674320,
 author = {Janssen, Marijn and Zuiderwijk, Anneke},
 title = {Infomediary Business Models for Connecting Open Data Providers and Users},
 journal = {Soc. Sci. Comput. Rev.},
 issue_date = {October   2014},
 volume = {32},
 number = {5},
 month = oct,
 year = {2014},
 issn = {0894-4393},
 pages = {694--711},
 numpages = {18},
 url = {http://dx.doi.org/10.1177/0894439314525902},
 doi = {10.1177/0894439314525902},
 acmid = {2674320},
 publisher = {Sage Publications, Inc.},
 address = {Thousand Oaks, CA, USA},
 keywords = {apps, business models, e-government, infomediaries, intermediaries, open data, open data ecosystems, open government, social media, web 2.0},
}@article{Folmer:2014:DSQ:2687514.2687581,
 author = {Folmer, Erwin and Wu, Harris and Bekkum, Michael},
 title = {Data Standards Quality Measured for Achieving Enterprise Interoperability: The Case of the SETU Standard for Flexible Staffing},
 journal = {Inf. Syst. E-bus. Manag.},
 issue_date = {November  2014},
 volume = {12},
 number = {4},
 month = nov,
 year = {2014},
 issn = {1617-9846},
 pages = {517--541},
 numpages = {25},
 url = {http://dx.doi.org/10.1007/s10257-014-0236-5},
 doi = {10.1007/s10257-014-0236-5},
 acmid = {2687581},
 publisher = {Springer-Verlag New York, Inc.},
 address = {Secaucus, NJ, USA},
 keywords = {Data standards, Interoperability, Quality, Standardization},
}@article{Rosenthal:2014:FPE:2687514.2687584,
 author = {Rosenthal, Arnon and Seligman, Len and Allen, M. David and Chapman, Adriane and Zhu, Hongwei},
 title = {Fit for Purpose: Engineering Principles for Selecting an Appropriate Type of Data Exchange Standard},
 journal = {Inf. Syst. E-bus. Manag.},
 issue_date = {November  2014},
 volume = {12},
 number = {4},
 month = nov,
 year = {2014},
 issn = {1617-9846},
 pages = {495--515},
 numpages = {21},
 url = {http://dx.doi.org/10.1007/s10257-014-0238-3},
 doi = {10.1007/s10257-014-0238-3},
 acmid = {2687584},
 publisher = {Springer-Verlag New York, Inc.},
 address = {Secaucus, NJ, USA},
 keywords = {Data standards, Enterprise interoperability, Exchange, Interoperability of data},
}@inproceedings{Magalhaes:2014:BMO:2691195.2691273,
 author = {Magalhaes, Gustavo and Roseira, Catarina and Manley, Laura},
 title = {Business Models for Open Government Data},
 booktitle = {Proceedings of the 8th International Conference on Theory and Practice of Electronic Governance},
 series = {ICEGOV '14},
 year = {2014},
 isbn = {978-1-60558-611-3},
 location = {Guimaraes, Portugal},
 pages = {365--370},
 numpages = {6},
 url = {http://doi.acm.org/10.1145/2691195.2691273},
 doi = {10.1145/2691195.2691273},
 acmid = {2691273},
 publisher = {ACM},
 address = {New York, NY, USA},
 keywords = {business model, intermediaries, open government data, services, value creation},
}@article{Shiau:2014:IFP:2692875.2692877,
 author = {Shiau, Wen-Lung},
 title = {Improving Firm Performance Through a Mobile Auditing Assistance System},
 journal = {Int. J. Enterp. Inf. Syst.},
 issue_date = {October 2014},
 volume = {10},
 number = {4},
 month = oct,
 year = {2014},
 issn = {1548-1115},
 pages = {22--35},
 numpages = {14},
 url = {http://dx.doi.org/10.4018/ijeis.2014100102},
 doi = {10.4018/ijeis.2014100102},
 acmid = {2692877},
 publisher = {IGI Global},
 address = {Hershey, PA, USA},
 keywords = {Computerized Assisted Auditing Technique (CAAT), Firm Performance, Generalized Audit Software (GAS), Mobile Auditing, Mobile Technology, Smart Phone},
}@article{Du:2014:KCE:2693499.2693503,
 author = {Du, Jie and Wimmer, Hayden and Rada, Roy},
 title = {Knowledge Constrained Evolutionary Algorithms: A Case Study for Financial Investing},
 journal = {Int. J. Artif. Intell. Soft Comput.},
 issue_date = {November 2014},
 volume = {4},
 number = {4},
 month = nov,
 year = {2014},
 issn = {1755-4950},
 pages = {335--353},
 numpages = {19},
 url = {http://dx.doi.org/10.1504/IJAISC.2014.065801},
 doi = {10.1504/IJAISC.2014.065801},
 acmid = {2693503},
 publisher = {Inderscience Publishers},
 address = {Inderscience Publishers, Geneva, SWITZERLAND},
}@article{Hasan:2015:ESR:2720819.2720821,
 author = {Hasan, M. Mahmudul},
 title = {E-Government Service Research Development: A Literature Review},
 journal = {Int. J. E-Services Mob. Appl.},
 issue_date = {January 2015},
 volume = {7},
 number = {1},
 month = jan,
 year = {2015},
 issn = {1941-627X},
 pages = {22--49},
 numpages = {28},
 url = {http://dx.doi.org/10.4018/ijesma.2015010102},
 doi = {10.4018/ijesma.2015010102},
 acmid = {2720821},
 publisher = {IGI Global},
 address = {Hershey, PA, USA},
 keywords = {Public Electronic Service, Public Sector, e-Government, e-Government Service, e-Service Research Development},
}@inproceedings{Ruckhaus:2012:LQL:2734587.2734591,
 author = {Ruckhaus, Edna and Vidal, Maria-Esther},
 title = {LiQuate-Estimating the Quality of Links in the Linking Open Data Cloud},
 booktitle = {Revised Selected Papers of the 5th International Workshop on Resource Discovery - Volume 8194},
 year = {2013},
 isbn = {978-3-642-45262-8},
 pages = {56--82},
 numpages = {27},
 url = {http://dx.doi.org/10.1007/978-3-642-45263-5_4},
 doi = {10.1007/978-3-642-45263-5_4},
 acmid = {2734591},
 publisher = {Springer-Verlag New York, Inc.},
 address = {New York, NY, USA},
}@inproceedings{Kloos:2013:XBP:2734948.2734973,
 author = {Kloos, Martin and Hulstijn, Joris and Seck, Mamadou and Janssen, Marijn},
 title = {XBRL-Driven Business Process Improvement: A Simulation Study in the Accounting Domain},
 booktitle = {Revised Selected Papers of the SEFM 2013 Collocated Workshops on Software Engineering and Formal Methods - Volume 8368},
 year = {2014},
 isbn = {978-3-319-05031-7},
 pages = {288--305},
 numpages = {18},
 url = {http://dx.doi.org/10.1007/978-3-319-05032-4_21},
 doi = {10.1007/978-3-319-05032-4_21},
 acmid = {2734973},
 publisher = {Springer-Verlag New York, Inc.},
 address = {New York, NY, USA},
 keywords = {Accounting, Simulation, Standardization, XBRL},
}@article{Mohammadyari:2015:UEE:2735592.2739127,
 author = {Mohammadyari, Soheila and Singh, Harminder},
 title = {Understanding the Effect of e-Learning on Individual Performance},
 journal = {Comput. Educ.},
 issue_date = {March 2015},
 volume = {82},
 number = {C},
 month = mar,
 year = {2015},
 issn = {0360-1315},
 pages = {11--25},
 numpages = {15},
 url = {http://dx.doi.org/10.1016/j.compedu.2014.10.025},
 doi = {10.1016/j.compedu.2014.10.025},
 acmid = {2739127},
 publisher = {Elsevier Science Ltd.},
 address = {Oxford, UK, UK},
 keywords = {Adult learning, Continuing professional development, Digital literacy, Distributed learning environments},
}@article{Pandey:2014:HIT:2743966.2743967,
 author = {Pandey, Tweena and Chauhan, Abhishek Singh},
 title = {HR Issues Towards Managing MSMEs Operating in India During Globalization Trends with Special Reference to HR Outsourcing: An Extended Review},
 journal = {Int. J. Asian Bus. Inf. Manag.},
 issue_date = {July 2014},
 volume = {5},
 number = {3},
 month = jul,
 year = {2014},
 issn = {1947-9638},
 pages = {1--16},
 numpages = {16},
 url = {http://dx.doi.org/10.4018/ijabim.2014070101},
 doi = {10.4018/ijabim.2014070101},
 acmid = {2743967},
 publisher = {IGI Global},
 address = {Hershey, PA, USA},
 keywords = {Competitive Environment, Globalization, HR Issues, HR Outsourcing, MSME},
}@article{Marques:2015:MOT:2744011.2744013,
 author = {Marques, Rui Pedro and Santos, Henrique and Santos, Carlos},
 title = {Monitoring Organizational Transactions in Enterprise Information Systems with Continuous Assurance Requirements},
 journal = {Int. J. Enterp. Inf. Syst.},
 issue_date = {January 2015},
 volume = {11},
 number = {1},
 month = jan,
 year = {2015},
 issn = {1548-1115},
 pages = {13--32},
 numpages = {20},
 url = {http://dx.doi.org/10.4018/ijeis.2015010102},
 doi = {10.4018/ijeis.2015010102},
 acmid = {2744013},
 publisher = {IGI Global},
 address = {Hershey, PA, USA},
 keywords = {Continuous Assurance, Enterprise Information Systems, Management Information System, Organizational Transactions, Risk Profiles},
}@article{Danenas:2015:SSV:2775746.2776064,
 author = {Danenas, Paulius and Garsva, Gintautas},
 title = {Selection of Support Vector Machines Based Classifiers for Credit Risk Domain},
 journal = {Expert Syst. Appl.},
 issue_date = {April 2015},
 volume = {42},
 number = {6},
 month = apr,
 year = {2015},
 issn = {0957-4174},
 pages = {3194--3204},
 numpages = {11},
 url = {http://dx.doi.org/10.1016/j.eswa.2014.12.001},
 doi = {10.1016/j.eswa.2014.12.001},
 acmid = {2776064},
 publisher = {Pergamon Press, Inc.},
 address = {Tarrytown, NY, USA},
 keywords = {Classification, Credit risk, Default assessment, Particle swarm optimization, SVM, Support Vector Machines},
}@article{Ashraf:2015:OUA:2781908.2782306,
 author = {Ashraf, Jamshaid and Chang, Elizabeth and Hussain, Omar Khadeer and Hussain, Farookh Khadeer},
 title = {Ontology Usage Analysis in the Ontology Lifecycle},
 journal = {Know.-Based Syst.},
 issue_date = {May 2015},
 volume = {80},
 number = {C},
 month = may,
 year = {2015},
 issn = {0950-7051},
 pages = {34--47},
 numpages = {14},
 url = {http://dx.doi.org/10.1016/j.knosys.2015.02.026},
 doi = {10.1016/j.knosys.2015.02.026},
 acmid = {2782306},
 publisher = {Elsevier Science Publishers B. V.},
 address = {Amsterdam, The Netherlands, The Netherlands},
 keywords = {Ontology, Ontology lifecycle, Ontology usage analysis framework, Semantic web, Usage analysis},
}@inproceedings{Huang:2015:STX:2814864.2814880,
 author = {Huang, Jyun-Yao and Lange, Christoph and Auer, S\"{o}ren},
 title = {Streaming Transformation of XML to RDF Using XPath-based Mappings},
 booktitle = {Proceedings of the 11th International Conference on Semantic Systems},
 series = {SEMANTICS '15},
 year = {2015},
 isbn = {978-1-4503-3462-4},
 location = {Vienna, Austria},
 pages = {129--136},
 numpages = {8},
 url = {http://doi.acm.org/10.1145/2814864.2814880},
 doi = {10.1145/2814864.2814880},
 acmid = {2814880},
 publisher = {ACM},
 address = {New York, NY, USA},
 keywords = {RDF, XML, XML filter},
}@inproceedings{Ghanavati:2015:ILI:2821464.2821473,
 author = {Ghanavati, Sepideh and Hulstijn, Joris},
 title = {Impact of Legal Interpretation on Business Process Compliance},
 booktitle = {Proceedings of the First International Workshop on TEchnical and LEgal Aspects of Data pRIvacy},
 series = {TELERISE '15},
 year = {2015},
 location = {Florence, Italy},
 pages = {26--31},
 numpages = {6},
 url = {http://dl.acm.org/citation.cfm?id=2821464.2821473},
 acmid = {2821473},
 publisher = {IEEE Press},
 address = {Piscataway, NJ, USA},
}@article{Coletti:2015:DCH:2836847.2822898,
 author = {Coletti, Paolo and Murgia, Maurizio},
 title = {Design and Construction of a Historical Financial Database of the Italian Stock Market 1973--2011},
 journal = {J. Data and Information Quality},
 issue_date = {October 2015},
 volume = {6},
 number = {4},
 month = oct,
 year = {2015},
 issn = {1936-1955},
 pages = {16:1--16:23},
 articleno = {16},
 numpages = {23},
 url = {http://doi.acm.org/10.1145/2822898},
 doi = {10.1145/2822898},
 acmid = {2822898},
 publisher = {ACM},
 address = {New York, NY, USA},
 keywords = {Financial database, data integration, data quality, stock market},
}@article{Almilia:2015:CIF:2841078.2841082,
 author = {Almilia, Luciana Spica},
 title = {Comparing Internet Financial Reporting Practices: Indonesia, Malaysia, Singapore, Japan and Australia},
 journal = {Int. J. Bus. Inf. Syst.},
 issue_date = {October 2015},
 volume = {20},
 number = {4},
 month = oct,
 year = {2015},
 issn = {1746-0972},
 pages = {477--495},
 numpages = {19},
 url = {http://dx.doi.org/10.1504/IJBIS.2015.072743},
 doi = {10.1504/IJBIS.2015.072743},
 acmid = {2841082},
 publisher = {Inderscience Publishers},
 address = {Inderscience Publishers, Geneva, SWITZERLAND},
}