@book{wohlin2012experimentation,
  title={Experimentation in software engineering},
  author={Wohlin, Claes and Runeson, Per and H{\"o}st, Martin and Ohlsson, Magnus C and Regnell, Bj{\"o}rn and Wessl{\'e}n, Anders},
  year={2012},
  publisher={Springer Science \& Business Media}
}

@book{fink2003survey,
  title={The survey handbook},
  author={Fink, Arlene},
  volume={1},
  year={2003},
  publisher={Sage}
}

@article{kitchenham2009systematic,
  title={Systematic literature reviews in software engineering--a systematic literature review},
  author={Kitchenham, Barbara and Brereton, O Pearl and Budgen, David and Turner, Mark and Bailey, John and Linkman, Stephen},
  journal={Information and software technology},
  volume={51},
  number={1},
  pages={7--15},
  year={2009},
  publisher={Elsevier}
}

@book{robson2002real,
  title={Real World Research: A Resource for Social Scientists and Practitioner-Researchers},
  author={Robson, C.},
  isbn={9780631213055},
  lccn={92021782},
  series={Regional Surveys of the World Series},
  url={https://books.google.com.br/books?id=DkplMcAysFQC},
  year={2002},
  publisher={Wiley}
}

@incollection{keele2007guidelines,
  title={Guidelines for performing systematic literature reviews in software engineering},
  author={Keele, Staffs},
  booktitle={Technical report, Ver. 2.3 EBSE Technical Report. EBSE},
  year={2007}
}
@book{lymer1999business,
  title={Business reporting on the Internet},
  author={Lymer, Andrew and International Accounting Standards Committee and others},
  year={1999},
  publisher={International Accounting Standards Committee London}
}

@book {xbrl_conceitos_aplicacoes,
    author    = {da Silva, Paulo Caetano and da Silva, Luis Gustavo C. and Aquino jr, Ivanildo José e Souza},
    title     = "XBRL Extensible Business Reporting Language - Conceitos e Aplicações",
    publisher = "Editora Ciência Moderna",
    year      = "2006",
    edition   = "1ª",
    note      = "ISBN: 8573934999"
}

@article{brereton2007lessons,
  title={Lessons from applying the systematic literature review process within the software engineering domain},
  author={Brereton, Pearl and Kitchenham, Barbara A and Budgen, David and Turner, Mark and Khalil, Mohamed},
  journal={Journal of systems and software},
  volume={80},
  number={4},
  pages={571--583},
  year={2007},
  publisher={Elsevier}
}

@article{abebe2014trends,
  title={Trends, Opportunities and Challenges of Software Refactoring: A Systematic Literature Review.},
  author={Abebe, Mesfin and Yoo, Cheol-Jung},
  journal={International Journal of Software Engineering \& Its Applications},
  volume={8},
  number={6},
  year={2014}
}
