% Encoding: UTF-8


@Article{AbrahamsBarkhi2013,
  Title                    = {Concept Comparison Engines},
  Author                   = {Abrahams, Alan S. and Barkhi, Reza},
  Journal                  = {Decis. Support Syst.},
  Year                     = {2013},
  Month                    = jan,
  Number                   = {2},
  Pages                    = {904--918},
  Volume                   = {54},
  __markedentry            = {[vagner:6]},
  Acmid                    = {2423123},
  Address                  = {Amsterdam, The Netherlands, The Netherlands},
  DOI                      = {10.1016/j.dss.2012.09.014},
  ISSN                     = {0167-9236},
  Issue_date               = {January, 2013},
  Keywords                 = {Preferential choice, Search engine, Text mining},
  Numpages                 = {15},
  Publisher                = {Elsevier Science Publishers B. V.},
  URL                      = {http://dx.doi.org/10.1016/j.dss.2012.09.014}
}

@Article{Ahmadpour2011,
  Title                    = {The Improvement of Governance Decision Making Using XBRL},
  Author                   = {Ahmadpour, Ahmad},
  Journal                  = {Int. J. E-Bus. Res.},
  Year                     = {2011},
  Month                    = apr,
  Number                   = {2},
  Pages                    = {11--18},
  Volume                   = {7},
  __markedentry            = {[vagner:6]},
  Acmid                    = {2438606},
  Address                  = {Hershey, PA, USA},
  DOI                      = {10.4018/jebr.2011040102},
  ISSN                     = {1548-1131},
  Issue_date               = {April 2011},
  Keywords                 = {Corporate Governance, Decision Making, Financial Information, Transparency, eXtensible Business Reporting Language XBRL},
  Numpages                 = {8},
  Publisher                = {IGI Global},
  URL                      = {http://dx.doi.org/10.4018/jebr.2011040102}
}

@Article{Almilia2011,
  Title                    = {Internet Financial Reporting on the Web in Indonesian\&\#58; Not Just Technical Problem},
  Author                   = {Almilia, Sasongko Budisusetyo; Luciana Spica},
  Journal                  = {Int. J. Bus. Inf. Syst.},
  Year                     = {2011},
  Month                    = sep,
  Number                   = {4},
  Pages                    = {380--395},
  Volume                   = {8},
  __markedentry            = {[vagner:6]},
  Acmid                    = {2030751},
  Address                  = {Inderscience Publishers, Geneva, SWITZERLAND},
  DOI                      = {10.1504/IJBIS.2011.042419},
  ISSN                     = {1746-0972},
  Issue_date               = {September 2011},
  Numpages                 = {16},
  Publisher                = {Inderscience Publishers},
  URL                      = {http://dx.doi.org/10.1504/IJBIS.2011.042419}
}

@Article{Almilia2015,
  Title                    = {Comparing Internet Financial Reporting Practices: Indonesia, Malaysia, Singapore, Japan and Australia},
  Author                   = {Almilia, Luciana Spica},
  Journal                  = {Int. J. Bus. Inf. Syst.},
  Year                     = {2015},
  Month                    = oct,
  Number                   = {4},
  Pages                    = {477--495},
  Volume                   = {20},
  __markedentry            = {[vagner:6]},
  Acmid                    = {2841082},
  Address                  = {Inderscience Publishers, Geneva, SWITZERLAND},
  DOI                      = {10.1504/IJBIS.2015.072743},
  ISSN                     = {1746-0972},
  Issue_date               = {October 2015},
  Numpages                 = {19},
  Publisher                = {Inderscience Publishers},
  URL                      = {http://dx.doi.org/10.1504/IJBIS.2015.072743}
}

@Article{ArgyrouAndreev2011,
  Title                    = {A Semi-supervised Tool for Clustering Accounting Databases with Applications to Internal Controls},
  Author                   = {Argyrou, Argyris and Andreev, Andriy},
  Journal                  = {Expert Syst. Appl.},
  Year                     = {2011},
  Month                    = sep,
  Number                   = {9},
  Pages                    = {11176--11181},
  Volume                   = {38},
  __markedentry            = {[vagner:6]},
  Acmid                    = {1975133},
  Address                  = {Tarrytown, NY, USA},
  DOI                      = {10.1016/j.eswa.2011.02.163},
  ISSN                     = {0957-4174},
  Issue_date               = {September, 2011},
  Keywords                 = {Clustering accounting databases, Internal controls, Self-organizing map},
  Numpages                 = {6},
  Publisher                = {Pergamon Press, Inc.},
  URL                      = {http://dx.doi.org/10.1016/j.eswa.2011.02.163}
}

@Article{AshrafChangHussainEtAl2015,
  Title                    = {Ontology Usage Analysis in the Ontology Lifecycle},
  Author                   = {Ashraf, Jamshaid and Chang, Elizabeth and Hussain, Omar Khadeer and Hussain, Farookh Khadeer},
  Journal                  = {Know.-Based Syst.},
  Year                     = {2015},
  Month                    = may,
  Number                   = {C},
  Pages                    = {34--47},
  Volume                   = {80},
  __markedentry            = {[vagner:6]},
  Acmid                    = {2782306},
  Address                  = {Amsterdam, The Netherlands, The Netherlands},
  DOI                      = {10.1016/j.knosys.2015.02.026},
  ISSN                     = {0950-7051},
  Issue_date               = {May 2015},
  Keywords                 = {Ontology, Ontology lifecycle, Ontology usage analysis framework, Semantic web, Usage analysis},
  Numpages                 = {14},
  Publisher                = {Elsevier Science Publishers B. V.},
  URL                      = {http://dx.doi.org/10.1016/j.knosys.2015.02.026}
}

@InProceedings{BaoRongLiEtAl2010,
  Title                    = {Representing Financial Reports on the Semantic Web: A Faithful Translation from XBRL to OWL},
  Author                   = {Bao, Jie and Rong, Graham and Li, Xian and Ding, Li},
  Booktitle                = {Proceedings of the 2010 International Conference on Semantic Web Rules},
  Year                     = {2010},
  Address                  = {Berlin, Heidelberg},
  Pages                    = {144--152},
  Publisher                = {Springer-Verlag},
  Series                   = {RuleML'10},
  __markedentry            = {[vagner:6]},
  Acmid                    = {1929592},
  ISBN                     = {3-642-16288-6, 978-3-642-16288-6},
  Location                 = {Washington, DC},
  Numpages                 = {9},
  URL                      = {http://dl.acm.org/citation.cfm?id=1929574.1929592}
}

@Book{Barry2013,
  Title                    = {Web Services, Service-Oriented Architectures, and Cloud Computing, Second Edition: The Savvy Manager's Guide},
  Author                   = {Barry, Douglas K.},
  Publisher                = {Morgan Kaufmann Publishers Inc.},
  Year                     = {2013},
  Address                  = {San Francisco, CA, USA},
  Edition                  = {2nd},
  __markedentry            = {[vagner:6]},
  ISBN                     = {0123983576, 9780123983572}
}

@InProceedings{Bennett2010,
  Title                    = {EDM Council Semantics Repository Next Steps: Exploring a Consensus Semantics Framework},
  Author                   = {Bennett, Michael G.},
  Booktitle                = {Ontology-Driven Software Engineering},
  Year                     = {2010},
  Address                  = {New York, NY, USA},
  Pages                    = {3:1--3:6},
  Publisher                = {ACM},
  Series                   = {ODiSE'10},
  __markedentry            = {[vagner:6]},
  Acmid                    = {1937131},
  Articleno                = {3},
  DOI                      = {10.1145/1937128.1937131},
  ISBN                     = {978-1-4503-0548-8},
  Location                 = {Reno, Nevada},
  Numpages                 = {6},
  URL                      = {http://doi.acm.org/10.1145/1937128.1937131}
}

@InProceedings{BharosaJanssenHulstijnEtAl2011,
  Title                    = {Towards a Lean-government Using New IT-architectures for Compliance Monitoring},
  Author                   = {Bharosa, Nitesh and Janssen, Marijn and Hulstijn, Joris and van Wijk, Remco and de Winne, Niels and Tan, Yao-hua},
  Booktitle                = {Proceedings of the 5th International Conference on Theory and Practice of Electronic Governance},
  Year                     = {2011},
  Address                  = {New York, NY, USA},
  Pages                    = {147--156},
  Publisher                = {ACM},
  Series                   = {ICEGOV '11},
  __markedentry            = {[vagner:6]},
  Acmid                    = {2072095},
  DOI                      = {10.1145/2072069.2072095},
  ISBN                     = {978-1-4503-0746-8},
  Keywords                 = {IT-architectures, continuous control monitoring, information exchange, lean-government, standard business reporting},
  Location                 = {Tallinn, Estonia},
  Numpages                 = {10},
  URL                      = {http://doi.acm.org/10.1145/2072069.2072095}
}

@InProceedings{BharosaJanssenKlievinkEtAl2013,
  Title                    = {Developing Multi-sided Platforms for Public-private Information Sharing: Design Observations from Two Case Studies},
  Author                   = {Bharosa, Nitesh and Janssen, Marijn and Klievink, Bram and Tan, Yao-hua},
  Booktitle                = {Proceedings of the 14th Annual International Conference on Digital Government Research},
  Year                     = {2013},
  Address                  = {New York, NY, USA},
  Pages                    = {146--155},
  Publisher                = {ACM},
  Series                   = {dg.o '13},
  __markedentry            = {[vagner:6]},
  Acmid                    = {2479747},
  DOI                      = {10.1145/2479724.2479747},
  ISBN                     = {978-1-4503-2057-3},
  Keywords                 = {design observations, multi-sided information platforms, standard business reporting, supply chains},
  Location                 = {Quebec, Canada},
  Numpages                 = {10},
  URL                      = {http://doi.acm.org/10.1145/2479724.2479747}
}

@InProceedings{BharosaVoortHulstijnEtAl2011,
  Title                    = {Impose with Leeway: Combining an Engineering and Learning Approach in the Management of Public-private Collaboration},
  Author                   = {Bharosa, Nitesh and van der Voort, Haiko and Hulstijn, Joris and Janssen, Marijn and de Winne, Niels and van Wijk, Remco},
  Booktitle                = {Proceedings of the 10th IFIP WG 8.5 International Conference on Electronic Government},
  Year                     = {2011},
  Address                  = {Berlin, Heidelberg},
  Pages                    = {392--403},
  Publisher                = {Springer-Verlag},
  Series                   = {EGOV'11},
  __markedentry            = {[vagner:6]},
  Acmid                    = {2035214},
  ISBN                     = {978-3-642-22877-3},
  Keywords                 = {engineering, policy making, public-private collaboration, standard business reporting},
  Location                 = {Delft, The Netherlands},
  Numpages                 = {12},
  URL                      = {http://dl.acm.org/citation.cfm?id=2035176.2035214}
}

@InProceedings{BharosaWijkJanssenEtAl2011,
  Title                    = {Managing the Transformation to Standard Business Reporting: Principles and Lessons Learned from the Netherlands},
  Author                   = {Bharosa, Nitesh and van Wijk, Remco and Janssen, Marijn and de Winne, Niels and Hulstijn, Joris},
  Booktitle                = {Proceedings of the 12th Annual International Digital Government Research Conference: Digital Government Innovation in Challenging Times},
  Year                     = {2011},
  Address                  = {New York, NY, USA},
  Pages                    = {151--156},
  Publisher                = {ACM},
  Series                   = {dg.o '11},
  __markedentry            = {[vagner:6]},
  Acmid                    = {2037578},
  DOI                      = {10.1145/2037556.2037578},
  ISBN                     = {978-1-4503-0762-8},
  Keywords                 = {XBRL, standard business reporting, transformation principles},
  Location                 = {College Park, Maryland, USA},
  Numpages                 = {6},
  URL                      = {http://doi.acm.org/10.1145/2037556.2037578}
}

@InProceedings{BoellaJanssenHulstijnEtAl2013,
  Title                    = {Managing Legal Interpretation in Regulatory Compliance},
  Author                   = {Boella, Guido and Janssen, Marijn and Hulstijn, Joris and Humphreys, Llio and van der Torre, Leendert},
  Booktitle                = {Proceedings of the Fourteenth International Conference on Artificial Intelligence and Law},
  Year                     = {2013},
  Address                  = {New York, NY, USA},
  Pages                    = {23--32},
  Publisher                = {ACM},
  Series                   = {ICAIL '13},
  __markedentry            = {[vagner:6]},
  Acmid                    = {2514605},
  DOI                      = {10.1145/2514601.2514605},
  ISBN                     = {978-1-4503-2080-1},
  Location                 = {Rome, Italy},
  Numpages                 = {10},
  URL                      = {http://doi.acm.org/10.1145/2514601.2514605}
}

@Article{BonsonEscobarFlores2011,
  Title                    = {BaselMapper: An Experimental Tool for Managing Operational Risk in Banks},
  Author                   = {Bonson, Enrique and Escobar, Tomas and Flores, Francisco},
  Journal                  = {Int. J. Metadata Semant. Ontologies},
  Year                     = {2011},
  Month                    = sep,
  Number                   = {1},
  Pages                    = {1--9},
  Volume                   = {6},
  __markedentry            = {[vagner:6]},
  Acmid                    = {2071277},
  Address                  = {Inderscience Publishers, Geneva, SWITZERLAND},
  DOI                      = {10.1504/IJMSO.2011.042486},
  ISSN                     = {1744-2621},
  Issue_date               = {September 2011},
  Numpages                 = {9},
  Publisher                = {Inderscience Publishers},
  URL                      = {http://dx.doi.org/10.1504/IJMSO.2011.042486}
}

@Article{CaetanodaSilvaTimesCiferriEtAl2012,
  Title                    = {Analytical Processing Over XML and XLink},
  Author                   = {Caetano da Silva, Paulo and Times, Val{\'e}ria Ces\'{a}rio and Ciferri, Ricardo Rodrigues and Ciferri, Cristina Dutra de Aguiar},
  Journal                  = {Int. J. Data Warehous. Min.},
  Year                     = {2012},
  Month                    = jan,
  Number                   = {1},
  Pages                    = {52--92},
  Volume                   = {8},
  __markedentry            = {[vagner:6]},
  Acmid                    = {2438578},
  Address                  = {Hershey, PA, USA},
  DOI                      = {10.4018/jdwm.2012010103},
  ISSN                     = {1548-3924},
  Issue_date               = {January 2012},
  Keywords                 = {Link-Based and Multidimensional Query Language LMDQL, On-Line Analytical Processing OLAP, XLPath, XLink-Based Multidimensional Metamodel XLDM, XML Linking Language XLink, eXtensible Markup Language XML},
  Numpages                 = {41},
  Publisher                = {IGI Global},
  URL                      = {http://dx.doi.org/10.4018/jdwm.2012010103}
}

@Article{CallaghanNehmerSugumaran2012,
  Title                    = {Modelling Business Applications with XBRL and UML},
  Author                   = {Callaghan, Joseph H. and Nehmer, Robert A. and Sugumaran, Vijayan},
  Journal                  = {Int. J. Bus. Inf. Syst.},
  Year                     = {2012},
  Month                    = may,
  Number                   = {1},
  Pages                    = {68--92},
  Volume                   = {10},
  __markedentry            = {[vagner:6]},
  Acmid                    = {2213640},
  Address                  = {Inderscience Publishers, Geneva, SWITZERLAND},
  DOI                      = {10.1504/IJBIS.2012.046681},
  ISSN                     = {1746-0972},
  Issue_date               = {May 2012},
  Numpages                 = {25},
  Publisher                = {Inderscience Publishers},
  URL                      = {http://dx.doi.org/10.1504/IJBIS.2012.046681}
}

@InCollection{CappelloClarkGilmoreEtAl2011,
  Title                    = {Rigorous Software Engineering for Service-oriented Systems},
  Author                   = {Cappello, Igor and Clark, Allan and Gilmore, Stephen and Latella, Diego and Loreti, Michele and Quaglia, Paola and Schivo, Stefano},
  Publisher                = {Springer-Verlag},
  Year                     = {2011},
  Address                  = {Berlin, Heidelberg},
  Chapter                  = {Quantitative Analysis of Services},
  Editor                   = {Wirsing, Martin and H\"{o}lzl, Matthias},
  Pages                    = {522--540},
  __markedentry            = {[vagner:6]},
  Acmid                    = {2043052},
  ISBN                     = {978-3-642-20400-5},
  Numpages                 = {19},
  URL                      = {http://dl.acm.org/citation.cfm?id=2043021.2043052}
}

@Article{ClanceySierhuisSeah2009,
  Title                    = {Workflow Agents Versus Expert Systems: Problem Solving Methods in Work Systems Design},
  Author                   = {Clancey, William j. and Sierhuis, Maarten and Seah, Chin},
  Journal                  = {Artif. Intell. Eng. Des. Anal. Manuf.},
  Year                     = {2009},
  Month                    = nov,
  Number                   = {4},
  Pages                    = {357--371},
  Volume                   = {23},
  __markedentry            = {[vagner:6]},
  Acmid                    = {1735595},
  Address                  = {New York, NY, USA},
  DOI                      = {10.1017/S0890060409990059},
  ISSN                     = {0890-0604},
  Issue_date               = {November 2009},
  Keywords                 = {Model-Based Automation, Problem Solving Agent, Situated Cognition, Work Practice Simulation, Work Systems Design},
  Numpages                 = {15},
  Publisher                = {Cambridge University Press},
  URL                      = {http://dx.doi.org/10.1017/S0890060409990059}
}

@Article{ColettiMurgia2015,
  Title                    = {Design and Construction of a Historical Financial Database of the Italian Stock Market 1973--2011},
  Author                   = {Coletti, Paolo and Murgia, Maurizio},
  Journal                  = {J. Data and Information Quality},
  Year                     = {2015},
  Month                    = oct,
  Number                   = {4},
  Pages                    = {16:1--16:23},
  Volume                   = {6},
  __markedentry            = {[vagner:6]},
  Acmid                    = {2822898},
  Address                  = {New York, NY, USA},
  Articleno                = {16},
  DOI                      = {10.1145/2822898},
  ISSN                     = {1936-1955},
  Issue_date               = {October 2015},
  Keywords                 = {Financial database, data integration, data quality, stock market},
  Numpages                 = {23},
  Publisher                = {ACM},
  URL                      = {http://doi.acm.org/10.1145/2822898}
}

@Article{CurryODonnellCorryEtAl2013,
  Title                    = {Linking Building Data in the Cloud: Integrating Cross-domain Building Data Using Linked Data},
  Author                   = {Curry, Edward and O'Donnell, James and Corry, Edward and Hasan, Souleiman and Keane, Marcus and O'Riain, Se\'{a}N},
  Journal                  = {Adv. Eng. Inform.},
  Year                     = {2013},
  Month                    = apr,
  Number                   = {2},
  Pages                    = {206--219},
  Volume                   = {27},
  __markedentry            = {[vagner:6]},
  Acmid                    = {2467488},
  Address                  = {Amsterdam, The Netherlands, The Netherlands},
  DOI                      = {10.1016/j.aei.2012.10.003},
  ISSN                     = {1474-0346},
  Issue_date               = {April, 2013},
  Keywords                 = {Building energy analysis, Building information model, Building management, Data as a service, Data interoperability, Linked data},
  Numpages                 = {14},
  Publisher                = {Elsevier Science Publishers B. V.},
  URL                      = {http://dx.doi.org/10.1016/j.aei.2012.10.003}
}

@Article{DanenasGarsva2015,
  Title                    = {Selection of Support Vector Machines Based Classifiers for Credit Risk Domain},
  Author                   = {Danenas, Paulius and Garsva, Gintautas},
  Journal                  = {Expert Syst. Appl.},
  Year                     = {2015},
  Month                    = apr,
  Number                   = {6},
  Pages                    = {3194--3204},
  Volume                   = {42},
  __markedentry            = {[vagner:6]},
  Acmid                    = {2776064},
  Address                  = {Tarrytown, NY, USA},
  DOI                      = {10.1016/j.eswa.2014.12.001},
  ISSN                     = {0957-4174},
  Issue_date               = {April 2015},
  Keywords                 = {Classification, Credit risk, Default assessment, Particle swarm optimization, SVM, Support Vector Machines},
  Numpages                 = {11},
  Publisher                = {Pergamon Press, Inc.},
  URL                      = {http://dx.doi.org/10.1016/j.eswa.2014.12.001}
}

@Article{DuWimmerRada2014,
  Title                    = {Knowledge Constrained Evolutionary Algorithms: A Case Study for Financial Investing},
  Author                   = {Du, Jie and Wimmer, Hayden and Rada, Roy},
  Journal                  = {Int. J. Artif. Intell. Soft Comput.},
  Year                     = {2014},
  Month                    = nov,
  Number                   = {4},
  Pages                    = {335--353},
  Volume                   = {4},
  __markedentry            = {[vagner:6]},
  Acmid                    = {2693503},
  Address                  = {Inderscience Publishers, Geneva, SWITZERLAND},
  DOI                      = {10.1504/IJAISC.2014.065801},
  ISSN                     = {1755-4950},
  Issue_date               = {November 2014},
  Numpages                 = {19},
  Publisher                = {Inderscience Publishers},
  URL                      = {http://dx.doi.org/10.1504/IJAISC.2014.065801}
}

@Article{DuZhou2012,
  Title                    = {Improving Financial Data Quality Using Ontologies},
  Author                   = {Du, Jie and Zhou, Lina},
  Journal                  = {Decis. Support Syst.},
  Year                     = {2012},
  Month                    = dec,
  Number                   = {1},
  Pages                    = {76--86},
  Volume                   = {54},
  __markedentry            = {[vagner:6]},
  Acmid                    = {2397769},
  Address                  = {Amsterdam, The Netherlands, The Netherlands},
  DOI                      = {10.1016/j.dss.2012.04.016},
  ISSN                     = {0167-9236},
  Issue_date               = {December, 2012},
  Keywords                 = {Data quality, Financial decision-making, Ontology, Ontology mapping, Portfolio management},
  Numpages                 = {11},
  Publisher                = {Elsevier Science Publishers B. V.},
  URL                      = {http://dx.doi.org/10.1016/j.dss.2012.04.016}
}

@InProceedings{ErlingMikhailov2008,
  Title                    = {Integrating Open Sources and Relational Data with SPARQL},
  Author                   = {Erling, Orri and Mikhailov, Ivan},
  Booktitle                = {Proceedings of the 5th European Semantic Web Conference on The Semantic Web: Research and Applications},
  Year                     = {2008},
  Address                  = {Berlin, Heidelberg},
  Pages                    = {838--842},
  Publisher                = {Springer-Verlag},
  Series                   = {ESWC'08},
  __markedentry            = {[vagner:6]},
  Acmid                    = {1789478},
  ISBN                     = {3-540-68233-3, 978-3-540-68233-2},
  Location                 = {Tenerife, Canary Islands, Spain},
  Numpages                 = {5},
  URL                      = {http://dl.acm.org/citation.cfm?id=1789394.1789478}
}

@Article{FolmerWuBekkum2014,
  Title                    = {Data Standards Quality Measured for Achieving Enterprise Interoperability: The Case of the SETU Standard for Flexible Staffing},
  Author                   = {Folmer, Erwin and Wu, Harris and Bekkum, Michael},
  Journal                  = {Inf. Syst. E-bus. Manag.},
  Year                     = {2014},
  Month                    = nov,
  Number                   = {4},
  Pages                    = {517--541},
  Volume                   = {12},
  __markedentry            = {[vagner:6]},
  Acmid                    = {2687581},
  Address                  = {Secaucus, NJ, USA},
  DOI                      = {10.1007/s10257-014-0236-5},
  ISSN                     = {1617-9846},
  Issue_date               = {November 2014},
  Keywords                 = {Data standards, Interoperability, Quality, Standardization},
  Numpages                 = {25},
  Publisher                = {Springer-Verlag New York, Inc.},
  URL                      = {http://dx.doi.org/10.1007/s10257-014-0236-5}
}

@Article{Garcia2010,
  Title                    = {Using the Rhizomer Platform for Semantic Decision Support Systems Development},
  Author                   = {Garc\'{\i}a, Roberto},
  Journal                  = {Int. J. Decis Support Syst. Technol.},
  Year                     = {2010},
  Month                    = jan,
  Number                   = {1},
  Pages                    = {60--80},
  Volume                   = {2},
  __markedentry            = {[vagner:6]},
  Acmid                    = {2603637},
  Address                  = {Hershey, PA, USA},
  DOI                      = {10.4018/jdsst.2010101605},
  ISSN                     = {1941-6296},
  Issue_date               = {January 2010},
  Keywords                 = {Dashboard, Decision Support, Financial Data, Interaction, RDF, Semantic, Semantic Web},
  Numpages                 = {21},
  Publisher                = {IGI Global},
  URL                      = {http://dx.doi.org/10.4018/jdsst.2010101605}
}

@InProceedings{GarciaGil2010,
  Title                    = {Triplificating and Linking XBRL Financial Data},
  Author                   = {Garc\'{\i}a, Roberto and Gil, Rosa},
  Booktitle                = {Proceedings of the 6th International Conference on Semantic Systems},
  Year                     = {2010},
  Address                  = {New York, NY, USA},
  Pages                    = {3:1--3:8},
  Publisher                = {ACM},
  Series                   = {I-SEMANTICS '10},
  __markedentry            = {[vagner:6]},
  Acmid                    = {1839711},
  Articleno                = {3},
  DOI                      = {10.1145/1839707.1839711},
  ISBN                     = {978-1-4503-0014-8},
  Keywords                 = {accounting, business, finance, interoperability, linked data, semantic web},
  Location                 = {Graz, Austria},
  Numpages                 = {8},
  URL                      = {http://doi.acm.org/10.1145/1839707.1839711}
}

@InProceedings{GhahremanlooThomMagee2012,
  Title                    = {An Ontology Derived from Heterogeneous Sustainability Indicator Set Documents},
  Author                   = {Ghahremanloo, Lida and Thom, James A. and Magee, Liam},
  Booktitle                = {Proceedings of the Seventeenth Australasian Document Computing Symposium},
  Year                     = {2012},
  Address                  = {New York, NY, USA},
  Pages                    = {72--79},
  Publisher                = {ACM},
  Series                   = {ADCS '12},
  __markedentry            = {[vagner:6]},
  Acmid                    = {2407095},
  DOI                      = {10.1145/2407085.2407095},
  ISBN                     = {978-1-4503-1411-4},
  Keywords                 = {ontology engineering, ontology evaluation, sustainability indicators},
  Location                 = {Dunedin, New Zealand},
  Numpages                 = {8},
  URL                      = {http://doi.acm.org/10.1145/2407085.2407095}
}

@InProceedings{GhanavatiHulstijn2015,
  Title                    = {Impact of Legal Interpretation on Business Process Compliance},
  Author                   = {Ghanavati, Sepideh and Hulstijn, Joris},
  Booktitle                = {Proceedings of the First International Workshop on TEchnical and LEgal Aspects of Data pRIvacy},
  Year                     = {2015},
  Address                  = {Piscataway, NJ, USA},
  Pages                    = {26--31},
  Publisher                = {IEEE Press},
  Series                   = {TELERISE '15},
  __markedentry            = {[vagner:6]},
  Acmid                    = {2821473},
  Location                 = {Florence, Italy},
  Numpages                 = {6},
  URL                      = {http://dl.acm.org/citation.cfm?id=2821464.2821473}
}

@Article{Gonzalez-CarrascoColomo-PalaciosLopez-CuadradoEtAl2012,
  Title                    = {PB-ADVISOR: A Private Banking Multi-investment Portfolio Advisor},
  Author                   = {Gonzalez-Carrasco, Israel and Colomo-Palacios, Ricardo and Lopez-Cuadrado, Jose Luis and Garc\ia-Crespo, \'{A}ngel and Ruiz-Mezcua, Bel{\'e}n},
  Journal                  = {Inf. Sci.},
  Year                     = {2012},
  Month                    = nov,
  Pages                    = {63--82},
  Volume                   = {206},
  __markedentry            = {[vagner:6]},
  Acmid                    = {2228797},
  Address                  = {New York, NY, USA},
  DOI                      = {10.1016/j.ins.2012.04.008},
  ISSN                     = {0020-0255},
  Issue_date               = {November, 2012},
  Keywords                 = {Fuzzy logic, Investment portfolio, Recommender system, Semantic technology},
  Numpages                 = {20},
  Publisher                = {Elsevier Science Inc.},
  URL                      = {http://dx.doi.org/10.1016/j.ins.2012.04.008}
}

@Article{HamlenThuraisingham2013,
  Title                    = {Data Security Services, Solutions and Standards for Outsourcing},
  Author                   = {Hamlen, Kevin W. and Thuraisingham, Bhavani},
  Journal                  = {Comput. Stand. Interfaces},
  Year                     = {2013},
  Month                    = jan,
  Number                   = {1},
  Pages                    = {1--5},
  Volume                   = {35},
  __markedentry            = {[vagner:6]},
  Acmid                    = {2397075},
  Address                  = {Amsterdam, The Netherlands, The Netherlands},
  DOI                      = {10.1016/j.csi.2012.02.001},
  ISSN                     = {0920-5489},
  Issue_date               = {January, 2013},
  Keywords                 = {Access control, Identity management, Inference control, Mobile code security, Web services},
  Numpages                 = {5},
  Publisher                = {Elsevier Science Publishers B. V.},
  URL                      = {http://dx.doi.org/10.1016/j.csi.2012.02.001}
}

@Article{HarrisonEckmanHamiltonEtAl2010,
  Title                    = {Foundations for Smarter Cities},
  Author                   = {Harrison, C. and Eckman, B. and Hamilton, R. and Hartswick, P. and Kalagnanam, J. and Paraszczak, J. and Williams, P.},
  Journal                  = {IBM J. Res. Dev.},
  Year                     = {2010},
  Month                    = jul,
  Number                   = {4},
  Pages                    = {350--365},
  Volume                   = {54},
  __markedentry            = {[vagner:6]},
  Acmid                    = {1940694},
  Address                  = {Riverton, NJ, USA},
  DOI                      = {10.1147/JRD.2010.2048257},
  ISSN                     = {0018-8646},
  Issue_date               = {July 2010},
  Numpages                 = {16},
  Publisher                = {IBM Corp.},
  URL                      = {http://dx.doi.org/10.1147/JRD.2010.2048257}
}

@Article{Hasan2015,
  Title                    = {E-Government Service Research Development: A Literature Review},
  Author                   = {Hasan, M. Mahmudul},
  Journal                  = {Int. J. E-Services Mob. Appl.},
  Year                     = {2015},
  Month                    = jan,
  Number                   = {1},
  Pages                    = {22--49},
  Volume                   = {7},
  __markedentry            = {[vagner:6]},
  Acmid                    = {2720821},
  Address                  = {Hershey, PA, USA},
  DOI                      = {10.4018/ijesma.2015010102},
  ISSN                     = {1941-627X},
  Issue_date               = {January 2015},
  Keywords                 = {Public Electronic Service, Public Sector, e-Government, e-Government Service, e-Service Research Development},
  Numpages                 = {28},
  Publisher                = {IGI Global},
  URL                      = {http://dx.doi.org/10.4018/ijesma.2015010102}
}

@Article{HillTroshani2010,
  Title                    = {Factors Influencing the Adoption of Personalisation Mobile Services\&\#58; Empirical Evidence from Young Australians},
  Author                   = {Hill, Sally Rao and Troshani, Indrit},
  Journal                  = {Int. J. Mob. Commun.},
  Year                     = {2010},
  Month                    = feb,
  Number                   = {2},
  Pages                    = {150--168},
  Volume                   = {8},
  __markedentry            = {[vagner:6]},
  Acmid                    = {1718912},
  Address                  = {Inderscience Publishers, Geneva, SWITZERLAND},
  DOI                      = {10.1504/IJMC.2010.031445},
  ISSN                     = {1470-949X},
  Issue_date               = {February 2010},
  Keywords                 = {Australia, m\&\#45;services, mobile communications, mobile services, perceived ease of use, perceived usefulness, performance expectancy, personalisation, technology adoption models},
  Numpages                 = {19},
  Publisher                = {Inderscience Publishers},
  URL                      = {http://dx.doi.org/10.1504/IJMC.2010.031445}
}

@Article{HoganMeeganParmarEtAl2011,
  Title                    = {Using Standards to Enable the Transformation to Smarter Cities},
  Author                   = {Hogan, J. and Meegan, J. and Parmar, R. and Narayan, V. and Schloss, R. J.},
  Journal                  = {IBM J. Res. Dev.},
  Year                     = {2011},
  Month                    = jan,
  Number                   = {1\&2},
  Pages                    = {42--51},
  Volume                   = {55},
  __markedentry            = {[vagner:6]},
  Acmid                    = {2001045},
  Address                  = {Riverton, NJ, USA},
  DOI                      = {10.1147/JRD.2010.2091051},
  ISSN                     = {0018-8646},
  Issue_date               = {January/March 2011},
  Numpages                 = {10},
  Publisher                = {IBM Corp.},
  URL                      = {http://dx.doi.org/10.1147/JRD.2010.2091051}
}

@InProceedings{HrebicekStenclTrenzEtAl2011,
  Title                    = {Corporate Performance Evaluation and Reporting},
  Author                   = {H\v{r}eb\'{\i}\v{c}ek, Ji\v{r}\'{\i} and \v{S}tencl, Michael and Trenz, Old\v{r}ich and Soukopov\'{a}, Jana},
  Booktitle                = {Proceedings of the 11th WSEAS International Conference on Applied Informatics and Communications, and Proceedings of the 4th WSEAS International Conference on Biomedical Electronics and Biomedical Informatics, and Proceedings of the International Conference on Computational Engineering in Systems Applications},
  Year                     = {2011},
  Address                  = {Stevens Point, Wisconsin, USA},
  Pages                    = {338--343},
  Publisher                = {World Scientific and Engineering Academy and Society (WSEAS)},
  Series                   = {AIASABEBI'11},
  __markedentry            = {[vagner:6]},
  Acmid                    = {2042855},
  ISBN                     = {978-1-61804-028-2},
  Keywords                 = {ESG performance, GRI, UN global compact, UNEP FI, key performance indicators, performance evaluation, sustainability reporting},
  Location                 = {Florence, Italy},
  Numpages                 = {6},
  URL                      = {http://dl.acm.org/citation.cfm?id=2042791.2042855}
}

@InProceedings{HuangLangeAuer2015,
  Title                    = {Streaming Transformation of XML to RDF Using XPath-based Mappings},
  Author                   = {Huang, Jyun-Yao and Lange, Christoph and Auer, S\"{o}ren},
  Booktitle                = {Proceedings of the 11th International Conference on Semantic Systems},
  Year                     = {2015},
  Address                  = {New York, NY, USA},
  Pages                    = {129--136},
  Publisher                = {ACM},
  Series                   = {SEMANTICS '15},
  __markedentry            = {[vagner:6]},
  Acmid                    = {2814880},
  DOI                      = {10.1145/2814864.2814880},
  ISBN                     = {978-1-4503-3462-4},
  Keywords                 = {RDF, XML, XML filter},
  Location                 = {Vienna, Austria},
  Numpages                 = {8},
  URL                      = {http://doi.acm.org/10.1145/2814864.2814880}
}

@InProceedings{HulstijnWijkWinneEtAl2011,
  Title                    = {Public Process Management: A Method for Introducing Standard Business Reporting},
  Author                   = {Hulstijn, Joris and van Wijk, Remco and de Winne, Niels and Bharosa, Nitesh and Janssen, Marijn and Tan, Yao-Hua},
  Booktitle                = {Proceedings of the 12th Annual International Digital Government Research Conference: Digital Government Innovation in Challenging Times},
  Year                     = {2011},
  Address                  = {New York, NY, USA},
  Pages                    = {141--150},
  Publisher                = {ACM},
  Series                   = {dg.o '11},
  __markedentry            = {[vagner:6]},
  Acmid                    = {2037577},
  DOI                      = {10.1145/2037556.2037577},
  ISBN                     = {978-1-4503-0762-8},
  Keywords                 = {compliance, e-government, financial reporting},
  Location                 = {College Park, Maryland, USA},
  Numpages                 = {10},
  URL                      = {http://doi.acm.org/10.1145/2037556.2037577}
}

@Article{JanssenBharosaWinneEtAl2011,
  Title                    = {Transforming Public-Private Networks An XBRL-Based Infrastructure for Transforming Business-to-Government Information Exchange},
  Author                   = {Janssen, Marijn and Bharosa, Nitesh and de Winne, Niels and van Wijk, Remco and Hulstijn, Joris},
  Journal                  = {Int. J. Electron. Gov. Res.},
  Year                     = {2011},
  Month                    = oct,
  Number                   = {4},
  Pages                    = {35--45},
  Volume                   = {7},
  __markedentry            = {[vagner:6]},
  Acmid                    = {2442045},
  Address                  = {Hershey, PA, USA},
  DOI                      = {10.4018/jegr.2011100103},
  ISSN                     = {1548-3886},
  Issue_date               = {October 2011},
  Keywords                 = {E-government, Extensible Business Reporting Language XBRL, Information Exchange, Information Intermediaries, Infrastructure, Standard Business Reporting SBR, Transformation},
  Numpages                 = {11},
  Publisher                = {IGI Global},
  URL                      = {http://dx.doi.org/10.4018/jegr.2011100103}
}

@Article{JanssenZuiderwijk2014,
  Title                    = {Infomediary Business Models for Connecting Open Data Providers and Users},
  Author                   = {Janssen, Marijn and Zuiderwijk, Anneke},
  Journal                  = {Soc. Sci. Comput. Rev.},
  Year                     = {2014},
  Month                    = oct,
  Number                   = {5},
  Pages                    = {694--711},
  Volume                   = {32},
  __markedentry            = {[vagner:6]},
  Acmid                    = {2674320},
  Address                  = {Thousand Oaks, CA, USA},
  DOI                      = {10.1177/0894439314525902},
  ISSN                     = {0894-4393},
  Issue_date               = {October 2014},
  Keywords                 = {apps, business models, e-government, infomediaries, intermediaries, open data, open data ecosystems, open government, social media, web 2.0},
  Numpages                 = {18},
  Publisher                = {Sage Publications, Inc.},
  URL                      = {http://dx.doi.org/10.1177/0894439314525902}
}

@Article{JeongNaYou2014,
  Title                    = {A Case Study of Financial Statements Reporting System Based on XBRL Taxonomy in Accordance with Korean Public Institutions Adoption of K-IFRS},
  Author                   = {Jeong, Joon-Soo and Na, Kwan-Sik and You, Yen-Yoo},
  Journal                  = {Cluster Computing},
  Year                     = {2014},
  Month                    = sep,
  Number                   = {3},
  Pages                    = {817--826},
  Volume                   = {17},
  __markedentry            = {[vagner:6]},
  Acmid                    = {2664120},
  Address                  = {Hingham, MA, USA},
  DOI                      = {10.1007/s10586-013-0293-4},
  ISSN                     = {1386-7857},
  Issue_date               = {September 2014},
  Keywords                 = {Closing accounts, K-IFRS, PIFRS, XBRL},
  Numpages                 = {10},
  Publisher                = {Kluwer Academic Publishers},
  URL                      = {http://dx.doi.org/10.1007/s10586-013-0293-4}
}

@Article{JiangRaghupathi2010,
  Title                    = {IT-Enabled Corporate Governance: The Characteristics and Determinants of Web-based Corporate Governance Disclosures},
  Author                   = {Jiang, Yabing and Raghupathi, Wullianallur},
  Journal                  = {Inf. Resour. Manage. J.},
  Year                     = {2010},
  Month                    = oct,
  Number                   = {4},
  Pages                    = {1--20},
  Volume                   = {23},
  __markedentry            = {[vagner:6]},
  Acmid                    = {2448334},
  Address                  = {Hershey, PA, USA},
  DOI                      = {10.4018/irmj.2010100101},
  ISSN                     = {1040-1628},
  Issue_date               = {October 2010},
  Keywords                 = {Corporate Governance, Disclosure, Information Technology, Transparency, Web Page Content, Web Page Design},
  Numpages                 = {20},
  Publisher                = {IGI Global},
  URL                      = {http://dx.doi.org/10.4018/irmj.2010100101}
}

@Article{JiangRaghupathiRaghupathi2009,
  Title                    = {Web-Based Corporate Governance Information Disclosure: An Empirical Investigation},
  Author                   = {Jiang, Yabing and Raghupathi, Viju and Raghupathi, Wullianallur},
  Journal                  = {Inf. Resour. Manage. J.},
  Year                     = {2009},
  Month                    = apr,
  Number                   = {2},
  Pages                    = {50--68},
  Volume                   = {22},
  __markedentry            = {[vagner:6]},
  Acmid                    = {2445146},
  Address                  = {Hershey, PA, USA},
  DOI                      = {10.4018/irmj.2009092203},
  ISSN                     = {1040-1628},
  Issue_date               = {April 2009},
  Numpages                 = {19},
  Publisher                = {IGI Global},
  URL                      = {http://dx.doi.org/10.4018/irmj.2009092203}
}

@InProceedings{KlievinkJanssenTan2012,
  Title                    = {Blurring Public-private Boundaries: Governance of Information Sharing in Global Trade Networks},
  Author                   = {Klievink, Bram and Janssen, Marijn and Tan, Yao-Hua},
  Booktitle                = {Proceedings of the 13th Annual International Conference on Digital Government Research},
  Year                     = {2012},
  Address                  = {New York, NY, USA},
  Pages                    = {183--191},
  Publisher                = {ACM},
  Series                   = {dg.o '12},
  __markedentry            = {[vagner:6]},
  Acmid                    = {2307758},
  DOI                      = {10.1145/2307729.2307758},
  ISBN                     = {978-1-4503-1403-9},
  Keywords                 = {data sharing, global trade, governance, infrastructure, networks, public-private collaboration},
  Location                 = {College Park, Maryland, USA},
  Numpages                 = {9},
  URL                      = {http://doi.acm.org/10.1145/2307729.2307758}
}

@InProceedings{KloosHulstijnSeckEtAl2014,
  Title                    = {XBRL-Driven Business Process Improvement: A Simulation Study in the Accounting Domain},
  Author                   = {Kloos, Martin and Hulstijn, Joris and Seck, Mamadou and Janssen, Marijn},
  Booktitle                = {Revised Selected Papers of the SEFM 2013 Collocated Workshops on Software Engineering and Formal Methods - Volume 8368},
  Year                     = {2014},
  Address                  = {New York, NY, USA},
  Pages                    = {288--305},
  Publisher                = {Springer-Verlag New York, Inc.},
  __markedentry            = {[vagner:6]},
  Acmid                    = {2734973},
  DOI                      = {10.1007/978-3-319-05032-4_21},
  ISBN                     = {978-3-319-05031-7},
  Keywords                 = {Accounting, Simulation, Standardization, XBRL},
  Numpages                 = {18},
  URL                      = {http://dx.doi.org/10.1007/978-3-319-05032-4_21}
}

@InProceedings{LampertThompson2010,
  Title                    = {The Importance of Sharing Information: Using NIEM to Improve Governance in Developing Countries},
  Author                   = {Lampert, Sam and Thompson, Kate},
  Booktitle                = {Proceedings of the 4th International Conference on Theory and Practice of Electronic Governance},
  Year                     = {2010},
  Address                  = {New York, NY, USA},
  Pages                    = {137--142},
  Publisher                = {ACM},
  Series                   = {ICEGOV '10},
  __markedentry            = {[vagner:6]},
  Acmid                    = {1930351},
  DOI                      = {10.1145/1930321.1930351},
  ISBN                     = {978-1-4503-0058-2},
  Keywords                 = {NIEM, data exchange standards, information sharing},
  Location                 = {Beijing, China},
  Numpages                 = {6},
  URL                      = {http://doi.acm.org/10.1145/1930321.1930351}
}

@Article{Liu2013,
  Title                    = {XBRL: A New Global Paradigm for Business Financial Reporting},
  Author                   = {Liu, Chunhui},
  Journal                  = {J. Glob. Inf. Manage.},
  Year                     = {2013},
  Month                    = jul,
  Number                   = {3},
  Pages                    = {60--80},
  Volume                   = {21},
  __markedentry            = {[vagner:6]},
  Acmid                    = {2525251},
  Address                  = {Hershey, PA, USA},
  DOI                      = {10.4018/jgim.2013070104},
  ISSN                     = {1062-7375},
  Issue_date               = {July 2013},
  Keywords                 = {Business Financial Reporting, Culture, Global Standards, Iacovou et al. Model, Information Technology, Review, Signaling, Technology Acceptance Model, Theory of Planned Behavior, Theory of Reasoned Action, XBRL eXtensible Business Reporting Language},
  Numpages                 = {21},
  Publisher                = {IGI Global},
  URL                      = {http://dx.doi.org/10.4018/jgim.2013070104}
}

@Article{Liu2013a,
  Title                    = {XBRL: A New Global Paradigm for Business Financial Reporting},
  Author                   = {Liu, Chunhui},
  Journal                  = {J. Glob. Inf. Manage.},
  Year                     = {2013},
  Month                    = jul,
  Number                   = {3},
  Pages                    = {60--80},
  Volume                   = {21},
  __markedentry            = {[vagner:6]},
  Acmid                    = {2532099},
  Address                  = {Hershey, PA, USA},
  DOI                      = {10.4018/jgim.2013070104},
  ISSN                     = {1062-7375},
  Issue_date               = {July 2013},
  Keywords                 = {Business Financial Reporting, Culture, Global Standards, Iacovou et al. Model, Information Technology, Review, Signaling, Technology Acceptance Model, Theory of Planned Behavior, Theory of Reasoned Action, XBRL eXtensible Business Reporting Language},
  Numpages                 = {21},
  Publisher                = {IGI Global},
  URL                      = {http://dx.doi.org/10.4018/jgim.2013070104}
}

@Article{LorcaAndr&x00e9;esMart&x00ed;nez2012,
  Title                    = {Size and Culture As Determinants of the Web Policy of Listed Firms: The Case of Web Accessibility in Western European Countries},
  Author                   = {Lorca, Pedro and Andr\&\#x00e9;es, Javier De and Mart\&\#x00ed;nez, Ana B.},
  Journal                  = {J. Am. Soc. Inf. Sci. Technol.},
  Year                     = {2012},
  Month                    = feb,
  Number                   = {2},
  Pages                    = {392--405},
  Volume                   = {63},
  __markedentry            = {[vagner:6]},
  Acmid                    = {2274638},
  Address                  = {New York, NY, USA},
  DOI                      = {10.1002/asi.21650},
  ISSN                     = {1532-2882},
  Issue_date               = {February 2012},
  Keywords                 = {Europe, adaptive technologies, information architecture, organizational culture, organizational environment},
  Numpages                 = {14},
  Publisher                = {John Wiley \&amp; Sons, Inc.},
  URL                      = {http://dx.doi.org/10.1002/asi.21650}
}

@InProceedings{Luna-ReyesPardoSayogoEtAl2012,
  Title                    = {Beyond Open Government: Ontologies and Data Architectures to Support Ethical Consumption},
  Author                   = {Luna-Reyes, Luis F. and Pardo, Theresa A. and Sayogo, Djoko Sigit and Tayi, Giri Kumar and Andersen, David F. and Zhang, Jing and Hrdinova, Jana},
  Booktitle                = {Proceedings of the 6th International Conference on Theory and Practice of Electronic Governance},
  Year                     = {2012},
  Address                  = {New York, NY, USA},
  Pages                    = {1--4},
  Publisher                = {ACM},
  Series                   = {ICEGOV '12},
  __markedentry            = {[vagner:6]},
  Acmid                    = {2463730},
  DOI                      = {10.1145/2463728.2463730},
  ISBN                     = {978-1-4503-1200-4},
  Keywords                 = {ethical consumption, private sector transparency, supply-chain, sustainability},
  Location                 = {Albany, New York, USA},
  Numpages                 = {4},
  URL                      = {http://doi.acm.org/10.1145/2463728.2463730}
}

@InProceedings{MacdonaldYuilleStantonEtAl2009,
  Title                    = {The Social Life of Visualization},
  Author                   = {Macdonald, Hugh and Yuille, Jeremy and Stanton, Reuben and Viller, Stephen},
  Booktitle                = {Proceedings of the 21st Annual Conference of the Australian Computer-Human Interaction Special Interest Group: Design: Open 24/7},
  Year                     = {2009},
  Address                  = {New York, NY, USA},
  Pages                    = {193--200},
  Publisher                = {ACM},
  Series                   = {OZCHI '09},
  __markedentry            = {[vagner:6]},
  Acmid                    = {1738858},
  DOI                      = {10.1145/1738826.1738858},
  ISBN                     = {978-1-60558-854-4},
  Keywords                 = {information visualization, interaction design patterns, object-centred social networks},
  Location                 = {Melbourne, Australia},
  Numpages                 = {8},
  URL                      = {http://doi.acm.org/10.1145/1738826.1738858}
}

@Article{Madden2011,
  Title                    = {Greater Accountability, Less Red Tape: The Australian Standard Business Reporting Experience},
  Author                   = {Madden, Paul},
  Journal                  = {Int. J. E-Bus. Res.},
  Year                     = {2011},
  Month                    = apr,
  Number                   = {2},
  Pages                    = {1--10},
  Volume                   = {7},
  __markedentry            = {[vagner:6]},
  Acmid                    = {2438605},
  Address                  = {Hershey, PA, USA},
  DOI                      = {10.4018/jebr.2011040101},
  ISSN                     = {1548-1131},
  Issue_date               = {April 2011},
  Keywords                 = {Collaborative Processes, Community Standards-Based Systems, E-Government, SBR Program, eXtensible Business Reporting Language},
  Numpages                 = {10},
  Publisher                = {IGI Global},
  URL                      = {http://dx.doi.org/10.4018/jebr.2011040101}
}

@InProceedings{MagalhaesRoseiraManley2014,
  Title                    = {Business Models for Open Government Data},
  Author                   = {Magalhaes, Gustavo and Roseira, Catarina and Manley, Laura},
  Booktitle                = {Proceedings of the 8th International Conference on Theory and Practice of Electronic Governance},
  Year                     = {2014},
  Address                  = {New York, NY, USA},
  Pages                    = {365--370},
  Publisher                = {ACM},
  Series                   = {ICEGOV '14},
  __markedentry            = {[vagner:6]},
  Acmid                    = {2691273},
  DOI                      = {10.1145/2691195.2691273},
  ISBN                     = {978-1-60558-611-3},
  Keywords                 = {business model, intermediaries, open government data, services, value creation},
  Location                 = {Guimaraes, Portugal},
  Numpages                 = {6},
  URL                      = {http://doi.acm.org/10.1145/2691195.2691273}
}

@Article{MarquesSantosSantos2015,
  Title                    = {Monitoring Organizational Transactions in Enterprise Information Systems with Continuous Assurance Requirements},
  Author                   = {Marques, Rui Pedro and Santos, Henrique and Santos, Carlos},
  Journal                  = {Int. J. Enterp. Inf. Syst.},
  Year                     = {2015},
  Month                    = jan,
  Number                   = {1},
  Pages                    = {13--32},
  Volume                   = {11},
  __markedentry            = {[vagner:6]},
  Acmid                    = {2744013},
  Address                  = {Hershey, PA, USA},
  DOI                      = {10.4018/ijeis.2015010102},
  ISSN                     = {1548-1115},
  Issue_date               = {January 2015},
  Keywords                 = {Continuous Assurance, Enterprise Information Systems, Management Information System, Organizational Transactions, Risk Profiles},
  Numpages                 = {20},
  Publisher                = {IGI Global},
  URL                      = {http://dx.doi.org/10.4018/ijeis.2015010102}
}

@InProceedings{Mayer2011,
  Title                    = {Managing the Future: Six Guidelines for Designing Environmental Scanning Systems},
  Author                   = {Mayer, J\"{o}rg H.},
  Booktitle                = {Proceedings of the 6th International Conference on Service-oriented Perspectives in Design Science Research},
  Year                     = {2011},
  Address                  = {Berlin, Heidelberg},
  Pages                    = {276--290},
  Publisher                = {Springer-Verlag},
  Series                   = {DESRIST'11},
  __markedentry            = {[vagner:6]},
  Acmid                    = {2008604},
  ISBN                     = {978-3-642-20632-0},
  Keywords                 = {balanced chance and risk management, corporate business intelligence (BI), corporate management, method design},
  Location                 = {Milwaukee, WI, USA},
  Numpages                 = {15},
  URL                      = {http://dl.acm.org/citation.cfm?id=2008579.2008604}
}

@Article{MayerSteineckeQuickEtAl2013,
  Title                    = {More Applicable Environmental Scanning Systems Leveraging "Modern" Information Systems},
  Author                   = {Mayer, J\"{o}rg H. and Steinecke, Neon and Quick, Reiner and Weitzel, Timm},
  Journal                  = {Inf. Syst. E-bus. Manag.},
  Year                     = {2013},
  Month                    = dec,
  Number                   = {4},
  Pages                    = {507--540},
  Volume                   = {11},
  __markedentry            = {[vagner:6]},
  Acmid                    = {2584163},
  Address                  = {Secaucus, NJ, USA},
  DOI                      = {10.1007/s10257-012-0207-7},
  ISSN                     = {1617-9846},
  Issue_date               = {December 2013},
  Keywords                 = {"Modern" information system technology, Balanced threat and opportunity management, Corporate management, Information systems (IS) design},
  Numpages                 = {34},
  Publisher                = {Springer-Verlag New York, Inc.},
  URL                      = {http://dx.doi.org/10.1007/s10257-012-0207-7}
}

@Article{MeilickeGarciA-CastroFreitasEtAl2012,
  Title                    = {MultiFarm: A Benchmark for Multilingual Ontology Matching},
  Author                   = {Meilicke, Christian and Garc\'{\i}A-Castro, Ra\'{u}L and Freitas, Fred and Van Hage, Willem Robert and Montiel-Ponsoda, Elena and Ribeiro De Azevedo, Ryan and Stuckenschmidt, Heiner and \v{S}V\'{a}B-Zamazal, Ond\v{r}Ej and Sv\'{a}Tek, Vojtch and Tamilin, Andrei and Trojahn, C\'{a}Ssia and Wang, Shenghui},
  Journal                  = {Web Semant.},
  Year                     = {2012},
  Month                    = sep,
  Pages                    = {62--68},
  Volume                   = {15},
  __markedentry            = {[vagner:6]},
  Acmid                    = {2388324},
  Address                  = {Amsterdam, The Netherlands, The Netherlands},
  DOI                      = {10.1016/j.websem.2012.04.001},
  ISSN                     = {1570-8268},
  Issue_date               = {September, 2012},
  Keywords                 = {Benchmarking, Data integration, Multilingualism, Ontology matching},
  Numpages                 = {7},
  Publisher                = {Elsevier Science Publishers B. V.},
  URL                      = {http://dx.doi.org/10.1016/j.websem.2012.04.001}
}

@Article{Mendoza2012,
  Title                    = {An Exploratory Study of Infrastructure Barriers and the Role of Semantic Data Exchange Technologies in the Provisioning of Business Intelligence Services},
  Author                   = {Mendoza, Rub{\'e}n A.},
  Journal                  = {Int. J. Strateg. Inf. Technol. Appl.},
  Year                     = {2012},
  Month                    = jul,
  Number                   = {3},
  Pages                    = {45--59},
  Volume                   = {3},
  __markedentry            = {[vagner:6]},
  Acmid                    = {2448864},
  Address                  = {Hershey, PA, USA},
  DOI                      = {10.4018/jsita.2012070104},
  ISSN                     = {1947-3095},
  Issue_date               = {July 2012},
  Keywords                 = {Architecture, Business Intelligence, Extensible Markup Language XML, Infrastructure, Operational Business Intelligence, Service Provisioning},
  Numpages                 = {15},
  Publisher                = {IGI Global},
  URL                      = {http://dx.doi.org/10.4018/jsita.2012070104}
}

@Article{MohammadyariSingh2015,
  Title                    = {Understanding the Effect of e-Learning on Individual Performance},
  Author                   = {Mohammadyari, Soheila and Singh, Harminder},
  Journal                  = {Comput. Educ.},
  Year                     = {2015},
  Month                    = mar,
  Number                   = {C},
  Pages                    = {11--25},
  Volume                   = {82},
  __markedentry            = {[vagner:6]},
  Acmid                    = {2739127},
  Address                  = {Oxford, UK, UK},
  DOI                      = {10.1016/j.compedu.2014.10.025},
  ISSN                     = {0360-1315},
  Issue_date               = {March 2015},
  Keywords                 = {Adult learning, Continuing professional development, Digital literacy, Distributed learning environments},
  Numpages                 = {15},
  Publisher                = {Elsevier Science Ltd.},
  URL                      = {http://dx.doi.org/10.1016/j.compedu.2014.10.025}
}

@InProceedings{MotaSilvaViana2013,
  Title                    = {Similarity Evaluation in XML Schema and XLink},
  Author                   = {Mota, Marta and da Silva, Paulo Caetano and Viana, Sidney},
  Booktitle                = {Proceedings of the 19th Brazilian Symposium on Multimedia and the Web},
  Year                     = {2013},
  Address                  = {New York, NY, USA},
  Pages                    = {153--156},
  Publisher                = {ACM},
  Series                   = {WebMedia '13},
  __markedentry            = {[vagner:6]},
  Acmid                    = {2526222},
  DOI                      = {10.1145/2526188.2526222},
  ISBN                     = {978-1-4503-2559-2},
  Keywords                 = {XBRL, XLink, data management, duplicate detection, similarity evaluation},
  Location                 = {Salvador, Brazil},
  Numpages                 = {4},
  URL                      = {http://doi.acm.org/10.1145/2526188.2526222}
}

@Article{Mousa2013,
  Title                    = {E-Government Adoption in the U.K.: XBRL Project},
  Author                   = {Mousa, Rania},
  Journal                  = {Int. J. Electron. Gov. Res.},
  Year                     = {2013},
  Month                    = apr,
  Number                   = {2},
  Pages                    = {101--119},
  Volume                   = {9},
  __markedentry            = {[vagner:6]},
  Acmid                    = {2603724},
  Address                  = {Hershey, PA, USA},
  DOI                      = {10.4018/jegr.2013040106},
  ISSN                     = {1548-3886},
  Issue_date               = {April 2013},
  Keywords                 = {Adoption, Companies House, E-Government, Electronic Government, Extensible Business Reporting Language, Innovation, United Kingdom},
  Numpages                 = {19},
  Publisher                = {IGI Global},
  URL                      = {http://dx.doi.org/10.4018/jegr.2013040106}
}

@Article{NovikovPigulYarygina2013,
  Title                    = {A Performance Analysis of Semantic Caching for XML Query Processing},
  Author                   = {Novikov, Boris and Pigul, Alice and Yarygina, Anna},
  Journal                  = {Int. J. Knowledge-Based Organ.},
  Year                     = {2013},
  Month                    = oct,
  Number                   = {4},
  Pages                    = {40--60},
  Volume                   = {3},
  __markedentry            = {[vagner:6]},
  Acmid                    = {2584318},
  Address                  = {Hershey, PA, USA},
  DOI                      = {10.4018/ijkbo.2013100103},
  ISSN                     = {2155-6393},
  Issue_date               = {October 2013},
  Keywords                 = {Distributed Systems, Extensible Markup Language XML, Heterogeneous Resources, Information Systems, Performance, Query Processing, Semantic Caching, Semi-Structured Data},
  Numpages                 = {21},
  Publisher                = {IGI Global},
  URL                      = {http://dx.doi.org/10.4018/ijkbo.2013100103}
}

@Article{OttoFolmerEbner2012,
  Title                    = {A Characteristics Framework for Semantic Information Systems Standards},
  Author                   = {Otto, Boris and Folmer, Erwin and Ebner, Verena},
  Journal                  = {Inf. Syst. E-bus. Manag.},
  Year                     = {2012},
  Month                    = dec,
  Number                   = {4},
  Pages                    = {571--602},
  Volume                   = {10},
  __markedentry            = {[vagner:6]},
  Acmid                    = {2423824},
  Address                  = {Secaucus, NJ, USA},
  DOI                      = {10.1007/s10257-011-0183-3},
  ISSN                     = {1617-9846},
  Issue_date               = {December 2012},
  Keywords                 = {Case study research, Framework design, Semantic IS Standards, Standardization},
  Numpages                 = {32},
  Publisher                = {Springer-Verlag New York, Inc.},
  URL                      = {http://dx.doi.org/10.1007/s10257-011-0183-3}
}

@Article{PandeyChauhan2014,
  Title                    = {HR Issues Towards Managing MSMEs Operating in India During Globalization Trends with Special Reference to HR Outsourcing: An Extended Review},
  Author                   = {Pandey, Tweena and Chauhan, Abhishek Singh},
  Journal                  = {Int. J. Asian Bus. Inf. Manag.},
  Year                     = {2014},
  Month                    = jul,
  Number                   = {3},
  Pages                    = {1--16},
  Volume                   = {5},
  __markedentry            = {[vagner:6]},
  Acmid                    = {2743967},
  Address                  = {Hershey, PA, USA},
  DOI                      = {10.4018/ijabim.2014070101},
  ISSN                     = {1947-9638},
  Issue_date               = {July 2014},
  Keywords                 = {Competitive Environment, Globalization, HR Issues, HR Outsourcing, MSME},
  Numpages                 = {16},
  Publisher                = {IGI Global},
  URL                      = {http://dx.doi.org/10.4018/ijabim.2014070101}
}

@Article{Pathak2013,
  Title                    = {Extensible Business Reporting Language XBRL: Potential of Research in XBRL As a Social Artifact-An Essay},
  Author                   = {Pathak, Jagdish},
  Journal                  = {Int. J. Enterp. Inf. Syst.},
  Year                     = {2013},
  Month                    = oct,
  Number                   = {4},
  Pages                    = {99--102},
  Volume                   = {9},
  __markedentry            = {[vagner:6]},
  Acmid                    = {2584276},
  Address                  = {Hershey, PA, USA},
  DOI                      = {10.4018/ijeis.2013100107},
  ISSN                     = {1548-1115},
  Issue_date               = {October 2013},
  Keywords                 = {Artifacts, Finance, Information Systems, Social, eXtensible Business Reporting Language XBRL},
  Numpages                 = {4},
  Publisher                = {IGI Global},
  URL                      = {http://dx.doi.org/10.4018/ijeis.2013100107}
}

@Article{PerdanaRobbRohde2014,
  Title                    = {Experimental Research and Multivariate Statistical Analyses in Business Information Systems Research \&\#45; a Meta-review},
  Author                   = {Perdana, Arif and Robb, Alastair and Rohde, Fiona},
  Journal                  = {Int. J. Bus. Inf. Syst.},
  Year                     = {2014},
  Month                    = jul,
  Number                   = {3},
  Pages                    = {247--270},
  Volume                   = {16},
  __markedentry            = {[vagner:6]},
  Acmid                    = {2655087},
  Address                  = {Inderscience Publishers, Geneva, SWITZERLAND},
  DOI                      = {10.1504/IJBIS.2014.063767},
  ISSN                     = {1746-0972},
  Issue_date               = {July 2014},
  Numpages                 = {24},
  Publisher                = {Inderscience Publishers},
  URL                      = {http://dx.doi.org/10.1504/IJBIS.2014.063767}
}

@Article{Pokorny2009,
  Title                    = {XML in Enterprise Systems},
  Author                   = {Pokorn\'{y}, Jaroslav},
  Journal                  = {Informatica},
  Year                     = {2009},
  Month                    = aug,
  Number                   = {3},
  Pages                    = {417--438},
  Volume                   = {20},
  __markedentry            = {[vagner:6]},
  Acmid                    = {1664801},
  Address                  = {Amsterdam, The Netherlands, The Netherlands},
  ISSN                     = {0868-4952},
  Issue_date               = {August 2009},
  Keywords                 = {Web services, XML, XML databases, XQuery, XSLT, enterprise information integration},
  Numpages                 = {22},
  Publisher                = {IOS Press},
  URL                      = {http://dl.acm.org/citation.cfm?id=1664795.1664801}
}

@Article{RavichandranMendoza2010,
  Title                    = {An Empirical Evaluation of the Assimilation of Industry-Specific Data Standards Using Firm-Level and Community-Level Constructs},
  Author                   = {Ravichandran, T. and Mendoza, Rub{\'e}n A.},
  Journal                  = {Int. J. Enterp. Inf. Syst.},
  Year                     = {2010},
  Month                    = apr,
  Number                   = {2},
  Pages                    = {58--81},
  Volume                   = {6},
  __markedentry            = {[vagner:6]},
  Acmid                    = {2439239},
  Address                  = {Hershey, PA, USA},
  DOI                      = {10.4018/jeis.2010040104},
  ISSN                     = {1548-1115},
  Issue_date               = {April 2010},
  Keywords                 = {Assimilation, Complex Networked Technologies, Technology Assimilation, Vertical Standards, eXtensible Markup Language XML},
  Numpages                 = {24},
  Publisher                = {IGI Global},
  URL                      = {http://dx.doi.org/10.4018/jeis.2010040104}
}

@Article{Rodriguez-GonzalezColomo-PalaciosGuldris-IglesiasEtAl2012,
  Title                    = {FAST: Fundamental Analysis Support for Financial Statements. Using Semantics for Trading Recommendations},
  Author                   = {Rodr\'{\i}guez-Gonz\'{a}lez, Alejandro and Colomo-Palacios, Ricardo and Guldris-Iglesias, Fernando and G\'{o}mez-Berb\'{\i}s, Juan Miguel and Garc\'{\i}a-Crespo, Angel},
  Journal                  = {Information Systems Frontiers},
  Year                     = {2012},
  Month                    = dec,
  Number                   = {5},
  Pages                    = {999--1017},
  Volume                   = {14},
  __markedentry            = {[vagner:6]},
  Acmid                    = {2424901},
  Address                  = {Hingham, MA, USA},
  DOI                      = {10.1007/s10796-011-9321-1},
  ISSN                     = {1387-3326},
  Issue_date               = {December 2012},
  Keywords                 = {Fundamental analysis, Reasoning, Semantic technologies, Trading system},
  Numpages                 = {19},
  Publisher                = {Kluwer Academic Publishers},
  URL                      = {http://dx.doi.org/10.1007/s10796-011-9321-1}
}

@Article{RomeiTurini2010,
  Title                    = {XML Data Mining},
  Author                   = {Romei, Andrea and Turini, Franco},
  Journal                  = {Softw. Pract. Exper.},
  Year                     = {2010},
  Month                    = feb,
  Number                   = {2},
  Pages                    = {101--130},
  Volume                   = {40},
  __markedentry            = {[vagner:6]},
  Acmid                    = {1712667},
  Address                  = {New York, NY, USA},
  DOI                      = {10.1002/spe.v40:2},
  ISSN                     = {0038-0644},
  Issue_date               = {February 2010},
  Keywords                 = {XML, XQuery, data mining, inductive database, knowledge discovery, query language},
  Numpages                 = {30},
  Publisher                = {John Wiley \&amp; Sons, Inc.},
  URL                      = {http://dx.doi.org/10.1002/spe.v40:2}
}

@Article{RosenthalSeligmanAllenEtAl2014,
  Title                    = {Fit for Purpose: Engineering Principles for Selecting an Appropriate Type of Data Exchange Standard},
  Author                   = {Rosenthal, Arnon and Seligman, Len and Allen, M. David and Chapman, Adriane and Zhu, Hongwei},
  Journal                  = {Inf. Syst. E-bus. Manag.},
  Year                     = {2014},
  Month                    = nov,
  Number                   = {4},
  Pages                    = {495--515},
  Volume                   = {12},
  __markedentry            = {[vagner:6]},
  Acmid                    = {2687584},
  Address                  = {Secaucus, NJ, USA},
  DOI                      = {10.1007/s10257-014-0238-3},
  ISSN                     = {1617-9846},
  Issue_date               = {November 2014},
  Keywords                 = {Data standards, Enterprise interoperability, Exchange, Interoperability of data},
  Numpages                 = {21},
  Publisher                = {Springer-Verlag New York, Inc.},
  URL                      = {http://dx.doi.org/10.1007/s10257-014-0238-3}
}

@Article{RosilloGinerFuente2014,
  Title                    = {The Effectiveness of the Combined Use of VIX and Support Vector Machines on the Prediction of S\&P 500},
  Author                   = {Rosillo, Rafael and Giner, Javier and Fuente, David},
  Journal                  = {Neural Comput. Appl.},
  Year                     = {2014},
  Month                    = aug,
  Number                   = {2},
  Pages                    = {321--332},
  Volume                   = {25},
  __markedentry            = {[vagner:6]},
  Acmid                    = {2645623},
  Address                  = {London, UK, UK},
  DOI                      = {10.1007/s00521-013-1487-7},
  ISSN                     = {0941-0643},
  Issue_date               = {August 2014},
  Keywords                 = {MACD, Machine learning, Quantitative trading strategies, RSI, Support Vector Machines, VIX},
  Numpages                 = {12},
  Publisher                = {Springer-Verlag},
  URL                      = {http://dx.doi.org/10.1007/s00521-013-1487-7}
}

@InProceedings{RuckhausVidal2013,
  Title                    = {LiQuate-Estimating the Quality of Links in the Linking Open Data Cloud},
  Author                   = {Ruckhaus, Edna and Vidal, Maria-Esther},
  Booktitle                = {Revised Selected Papers of the 5th International Workshop on Resource Discovery - Volume 8194},
  Year                     = {2013},
  Address                  = {New York, NY, USA},
  Pages                    = {56--82},
  Publisher                = {Springer-Verlag New York, Inc.},
  __markedentry            = {[vagner:6]},
  Acmid                    = {2734591},
  DOI                      = {10.1007/978-3-642-45263-5_4},
  ISBN                     = {978-3-642-45262-8},
  Numpages                 = {27},
  URL                      = {http://dx.doi.org/10.1007/978-3-642-45263-5_4}
}

@Article{Satoh2011,
  Title                    = {XBRL Taxonomy for Estimating the Effects of Greenhouse Gas Emissions on Corporate Financial Positions},
  Author                   = {Satoh, Fumiko},
  Journal                  = {Int. J. E-Bus. Res.},
  Year                     = {2011},
  Month                    = apr,
  Number                   = {2},
  Pages                    = {34--55},
  Volume                   = {7},
  __markedentry            = {[vagner:6]},
  Acmid                    = {2438608},
  Address                  = {Hershey, PA, USA},
  DOI                      = {10.4018/jebr.2011040104},
  ISSN                     = {1548-1131},
  Issue_date               = {April 2011},
  Keywords                 = {Business Data Processing, Data Integration, Environmental Impact Assessment, Environmental Reporting, Finance, Information Systems, XML},
  Numpages                 = {22},
  Publisher                = {IGI Global},
  URL                      = {http://dx.doi.org/10.4018/jebr.2011040104}
}

@InProceedings{ScifleetWilliams2011,
  Title                    = {Understanding Documentary Practice: Lessons Learnt from the Text Encoding Initiative},
  Author                   = {Scifleet, Paul and Williams, Susan P.},
  Booktitle                = {Proceedings of the 15th International Conference on Theory and Practice of Digital Libraries: Research and Advanced Technology for Digital Libraries},
  Year                     = {2011},
  Address                  = {Berlin, Heidelberg},
  Pages                    = {272--283},
  Publisher                = {Springer-Verlag},
  Series                   = {TPDL'11},
  __markedentry            = {[vagner:6]},
  Acmid                    = {2042574},
  ISBN                     = {978-3-642-24468-1},
  Location                 = {Berlin, Germany},
  Numpages                 = {12},
  URL                      = {http://dl.acm.org/citation.cfm?id=2042536.2042574}
}

@Article{SenguptaVenkataraman2011,
  Title                    = {DocBase: Design, Implementation and Evaluation of a Document Database for XML},
  Author                   = {Sengupta, Arijit and Venkataraman, Ramesh},
  Journal                  = {J. Database Manage.},
  Year                     = {2011},
  Month                    = oct,
  Number                   = {4},
  Pages                    = {30--56},
  Volume                   = {22},
  __markedentry            = {[vagner:6]},
  Acmid                    = {2608315},
  Address                  = {Hershey, PA, USA},
  DOI                      = {10.4018/jdm.2011100102},
  ISSN                     = {1063-8016},
  Issue_date               = {October 2011},
  Keywords                 = {Digital Library, Document Database, Document Storage and Retrieval, Query Processing, eXtensible Markup Language XML},
  Numpages                 = {27},
  Publisher                = {IGI Global},
  URL                      = {http://dx.doi.org/10.4018/jdm.2011100102}
}

@Article{Shiau2014,
  Title                    = {Improving Firm Performance Through a Mobile Auditing Assistance System},
  Author                   = {Shiau, Wen-Lung},
  Journal                  = {Int. J. Enterp. Inf. Syst.},
  Year                     = {2014},
  Month                    = oct,
  Number                   = {4},
  Pages                    = {22--35},
  Volume                   = {10},
  __markedentry            = {[vagner:6]},
  Acmid                    = {2692877},
  Address                  = {Hershey, PA, USA},
  DOI                      = {10.4018/ijeis.2014100102},
  ISSN                     = {1548-1115},
  Issue_date               = {October 2014},
  Keywords                 = {Computerized Assisted Auditing Technique (CAAT), Firm Performance, Generalized Audit Software (GAS), Mobile Auditing, Mobile Technology, Smart Phone},
  Numpages                 = {14},
  Publisher                = {IGI Global},
  URL                      = {http://dx.doi.org/10.4018/ijeis.2014100102}
}

@InProceedings{SilvaSouzaTimes2009,
  Title                    = {LMDQL: Link-based and Multidimensional Query Language},
  Author                   = {Silva, Paulo Caetano and Souza, F\'{a}bio Santos and Times, Val{\'e}ria Ces\'{a}rio},
  Booktitle                = {Proceedings of the ACM Twelfth International Workshop on Data Warehousing and OLAP},
  Year                     = {2009},
  Address                  = {New York, NY, USA},
  Pages                    = {89--96},
  Publisher                = {ACM},
  Series                   = {DOLAP '09},
  __markedentry            = {[vagner:6]},
  Acmid                    = {1651307},
  DOI                      = {10.1145/1651291.1651307},
  ISBN                     = {978-1-60558-801-8},
  Keywords                 = {lmdql, olap, xbrl, xlink, xml},
  Location                 = {Hong Kong, China},
  Numpages                 = {8},
  URL                      = {http://doi.acm.org/10.1145/1651291.1651307}
}

@Article{SinghSingh2013,
  Title                    = {E-filing System for Tax Returns and Forms: Landmark e-Governance Initiative by the Government of India},
  Author                   = {Singh, Harjit and Singh, Hardeep},
  Journal                  = {J. E-Gov.},
  Year                     = {2013},
  Month                    = jul,
  Number                   = {3},
  Pages                    = {125--135},
  Volume                   = {36},
  __markedentry            = {[vagner:6]},
  Acmid                    = {2595316},
  Address                  = {Amsterdam, The Netherlands, The Netherlands},
  DOI                      = {10.3233/GOV-130348},
  ISSN                     = {1878-7673},
  Issue_date               = {July 2013},
  Numpages                 = {11},
  Publisher                = {IOS Press},
  URL                      = {http://dx.doi.org/10.3233/GOV-130348}
}

@Article{SmithSmithRupp2014,
  Title                    = {Strategic Insights into the Critical Success Factors Online For-profit Educational Providers: Case Study},
  Author                   = {Smith, Amber A. and Smith, Alan D. and Rupp, William T.},
  Journal                  = {Int. J. Bus. Inf. Syst.},
  Year                     = {2014},
  Month                    = aug,
  Number                   = {1},
  Pages                    = {1--32},
  Volume                   = {17},
  __markedentry            = {[vagner:6]},
  Acmid                    = {2661481},
  Address                  = {Inderscience Publishers, Geneva, SWITZERLAND},
  DOI                      = {10.1504/IJBIS.2014.064113},
  ISSN                     = {1746-0972},
  Issue_date               = {August 2014},
  Numpages                 = {32},
  Publisher                = {Inderscience Publishers},
  URL                      = {http://dx.doi.org/10.1504/IJBIS.2014.064113}
}

@Article{Spies2010,
  Title                    = {An Ontology Modelling Perspective on Business Reporting},
  Author                   = {Spies, Marcus},
  Journal                  = {Inf. Syst.},
  Year                     = {2010},
  Month                    = jun,
  Number                   = {4},
  Pages                    = {404--416},
  Volume                   = {35},
  __markedentry            = {[vagner:6]},
  Acmid                    = {1746894},
  Address                  = {Oxford, UK, UK},
  DOI                      = {10.1016/j.is.2008.12.003},
  ISSN                     = {0306-4379},
  Issue_date               = {June, 2010},
  Keywords                 = {Domain engineering, Enterprise information integration and interoperability, Languages for conceptual modelling, Ontological approaches to content and knowledge management, Ontology-based software engineering for enterprise solutions},
  Numpages                 = {13},
  Publisher                = {Elsevier Science Ltd.},
  URL                      = {http://dx.doi.org/10.1016/j.is.2008.12.003}
}

@InProceedings{Spies2011,
  Title                    = {Rule-enhanced Domain Models for Cloud Security Governance, Risk and Compliance Management},
  Author                   = {Spies, Marcus},
  Booktitle                = {Proceedings of the 5th International Conference on Rule-based Modeling and Computing on the Semantic Web},
  Year                     = {2011},
  Address                  = {Berlin, Heidelberg},
  Pages                    = {2--9},
  Publisher                = {Springer-Verlag},
  Series                   = {RuleML'11},
  __markedentry            = {[vagner:6]},
  Acmid                    = {2075508},
  ISBN                     = {978-3-642-24907-5},
  Location                 = {Ft. Lauderdale, FL, USA},
  Numpages                 = {8},
  URL                      = {http://dl.acm.org/citation.cfm?id=2075505.2075508}
}

@InProceedings{SpohrHollinkCimiano2011,
  Title                    = {A Machine Learning Approach to Multilingual and Cross-lingual Ontology Matching},
  Author                   = {Spohr, Dennis and Hollink, Laura and Cimiano, Philipp},
  Booktitle                = {Proceedings of the 10th International Conference on The Semantic Web - Volume Part I},
  Year                     = {2011},
  Address                  = {Berlin, Heidelberg},
  Pages                    = {665--680},
  Publisher                = {Springer-Verlag},
  Series                   = {ISWC'11},
  __markedentry            = {[vagner:6]},
  Acmid                    = {2063059},
  ISBN                     = {978-3-642-25072-9},
  Keywords                 = {interoperability of financial information, machine learning, multilingual and cross-lingual ontology matching},
  Location                 = {Bonn, Germany},
  Numpages                 = {16},
  URL                      = {http://dl.acm.org/citation.cfm?id=2063016.2063059}
}

@InCollection{StefanovicStefanovic2009,
  Title                    = {Artificial Intelligence},
  Author                   = {Stefanovic, Nenad and Stefanovic, Dusan},
  Publisher                = {Springer-Verlag},
  Year                     = {2009},
  Address                  = {Berlin, Heidelberg},
  Chapter                  = {Supply Chain Business Intelligence: Technologies, Issues and Trends},
  Editor                   = {Bramer, Max},
  Pages                    = {217--245},
  __markedentry            = {[vagner:6]},
  Acmid                    = {1793955},
  ISBN                     = {3-642-03225-7, 978-3-642-03225-7},
  Numpages                 = {29},
  URL                      = {http://dl.acm.org/citation.cfm?id=1793943.1793955}
}

@Article{TroshaniRampersadPlewa2011,
  Title                    = {Organisational Adoption of e-Business: The Case of an Innovation Management Tool at a University and Technology Transfer Office},
  Author                   = {Troshani, Indrit and Rampersad, Giselle and Plewa, Carolin},
  Journal                  = {Int. J. Netw. Virtual Organ.},
  Year                     = {2011},
  Month                    = sep,
  Number                   = {3},
  Pages                    = {265--282},
  Volume                   = {9},
  __markedentry            = {[vagner:6]},
  Acmid                    = {2075990},
  Address                  = {Inderscience Publishers, Geneva, SWITZERLAND},
  DOI                      = {10.1504/IJNVO.2011.042483},
  ISSN                     = {1470-9503},
  Issue_date               = {September 2011},
  Numpages                 = {18},
  Publisher                = {Inderscience Publishers},
  URL                      = {http://dx.doi.org/10.1504/IJNVO.2011.042483}
}

@Article{TroshaniRampersadWickramasinghe2013,
  Title                    = {Managing SaaS Risk in Higher Education Organisations: A Case Study},
  Author                   = {Troshani, Indrit and Rampersad, Giselle and Wickramasinghe, Nilmini},
  Journal                  = {Int. J. E-Bus. Res.},
  Year                     = {2013},
  Month                    = apr,
  Number                   = {2},
  Pages                    = {8--23},
  Volume                   = {9},
  __markedentry            = {[vagner:6]},
  Acmid                    = {2505796},
  Address                  = {Hershey, PA, USA},
  DOI                      = {10.4018/jebr.2013040102},
  ISSN                     = {1548-1131},
  Issue_date               = {April 2013},
  Keywords                 = {Adoption, Higher Education, Information and Communication Technology ICT, Risk, Software-as-a-Service SaaS},
  Numpages                 = {16},
  Publisher                = {IGI Global},
  URL                      = {http://dx.doi.org/10.4018/jebr.2013040102}
}

@Article{TsuiWangCaiEtAl2014,
  Title                    = {Knowledge-based Extraction of Intellectual Capital-related Information from Unstructured Data},
  Author                   = {Tsui, Eric and Wang, W. M. and Cai, Linlin and Cheung, C. F. and Lee, W. B.},
  Journal                  = {Expert Syst. Appl.},
  Year                     = {2014},
  Month                    = mar,
  Number                   = {4},
  Pages                    = {1315--1325},
  Volume                   = {41},
  __markedentry            = {[vagner:6]},
  Acmid                    = {2561392},
  Address                  = {Tarrytown, NY, USA},
  DOI                      = {10.1016/j.eswa.2013.08.029},
  ISSN                     = {0957-4174},
  Issue_date               = {March, 2014},
  Keywords                 = {Case-based reasoning, Information extraction, Intellectual capital management, Knowledge-based systems, Unstructured information management},
  Numpages                 = {11},
  Publisher                = {Pergamon Press, Inc.},
  URL                      = {http://dx.doi.org/10.1016/j.eswa.2013.08.029}
}

@InProceedings{Viseur2014,
  Title                    = {Initial Results from the Study of the Open Source Sector in Belgium},
  Author                   = {Viseur, Robert},
  Booktitle                = {Proceedings of The International Symposium on Open Collaboration},
  Year                     = {2014},
  Address                  = {New York, NY, USA},
  Pages                    = {7:1--7:5},
  Publisher                = {ACM},
  Series                   = {OpenSym '14},
  __markedentry            = {[vagner:6]},
  Acmid                    = {2641591},
  Articleno                = {7},
  DOI                      = {10.1145/2641580.2641591},
  ISBN                     = {978-1-4503-3016-9},
  Keywords                 = {business model, financial analysis, free software, graph analysis, market analysis, open source, web},
  Location                 = {Berlin, Germany},
  Numpages                 = {5},
  URL                      = {http://doi.acm.org/10.1145/2641580.2641591}
}

@Article{WatsonBoudreauChen2010,
  Title                    = {Information Systems and Environmentally Sustainable Development: Energy Informatics and New Directions for the is Community},
  Author                   = {Watson, Richard T. and Boudreau, Marie-Claude and Chen, Adela J.},
  Journal                  = {MIS Q.},
  Year                     = {2010},
  Month                    = mar,
  Number                   = {1},
  Pages                    = {23--38},
  Volume                   = {34},
  __markedentry            = {[vagner:6]},
  Acmid                    = {2017450},
  Address                  = {Minneapolis, MN, USA},
  ISSN                     = {0276-7783},
  Issue_date               = {March 2010},
  Keywords                 = {IS community, energy informatics, environmental sustainability},
  Numpages                 = {16},
  Publisher                = {Society for Information Management and The Management Information Systems Research Center},
  URL                      = {http://dl.acm.org/citation.cfm?id=2017447.2017450}
}

@Article{WengerThomasBabb2013,
  Title                    = {Financial Reporting Comparability: Toward an XBRL Ontology of the FASB\&\#47;IFRS Conceptual Framework},
  Author                   = {Wenger, Mitchell R. and Thomas, Manoj A. and Babb, Jeffry Stephen},
  Journal                  = {Int. J. Electron. Financ.},
  Year                     = {2013},
  Month                    = jan,
  Number                   = {1},
  Pages                    = {15--32},
  Volume                   = {7},
  __markedentry            = {[vagner:6]},
  Acmid                    = {2434294},
  Address                  = {Inderscience Publishers, Geneva, SWITZERLAND},
  DOI                      = {10.1504/IJEF.2013.051754},
  ISSN                     = {1746-0069},
  Issue_date               = {January 2013},
  Numpages                 = {18},
  Publisher                = {Inderscience Publishers},
  URL                      = {http://dx.doi.org/10.1504/IJEF.2013.051754}
}

@Book{Wood2010,
  Title                    = {Linking Enterprise Data},
  Author                   = {Wood, David},
  Publisher                = {Springer-Verlag New York, Inc.},
  Year                     = {2010},
  Address                  = {New York, NY, USA},
  Edition                  = {1st},
  __markedentry            = {[vagner:6]},
  ISBN                     = {1441976647, 9781441976642}
}

@InProceedings{YammeesriKangLau2011,
  Title                    = {Ontology-driven Accounting Information System: Case Study of the Stock Exchange of Thailand},
  Author                   = {Yammeesri, Jira and Kang, Seung Hwan and Lau, Sim Kim},
  Booktitle                = {Proceedings of the 5th International Conference on Knowledge, Information, and Creativity Support Systems},
  Year                     = {2011},
  Address                  = {Berlin, Heidelberg},
  Pages                    = {68--27},
  Publisher                = {Springer-Verlag},
  Series                   = {KICSS'10},
  __markedentry            = {[vagner:6]},
  Acmid                    = {2075012},
  ISBN                     = {978-3-642-24787-3},
  Keywords                 = {AIS, corporate governance, ontology, semantic web},
  Location                 = {Chiang Mai, Thailand},
  Numpages                 = {-40},
  URL                      = {http://dl.acm.org/citation.cfm?id=2075005.2075012}
}

@Article{YoungbergOlsenHauser2009,
  Title                    = {Determinants of Professionally Autonomous End User Acceptance in an Enterprise Resource Planning System Environment},
  Author                   = {Youngberg, Elaine and Olsen, David and Hauser, Karina},
  Journal                  = {Int. J. Inf. Manag.},
  Year                     = {2009},
  Month                    = apr,
  Number                   = {2},
  Pages                    = {138--144},
  Volume                   = {29},
  __markedentry            = {[vagner:6]},
  Acmid                    = {2297704},
  Address                  = {Amsterdam, The Netherlands, The Netherlands},
  DOI                      = {10.1016/j.ijinfomgt.2008.06.001},
  ISSN                     = {0268-4012},
  Issue_date               = {April, 2009},
  Keywords                 = {Enterprise resource planning, Professionally autonomous end users, Technology acceptance model},
  Numpages                 = {7},
  Publisher                = {Elsevier Science Publishers B. V.},
  URL                      = {http://dx.doi.org/10.1016/j.ijinfomgt.2008.06.001}
}

@Article{ZhaoXiaShaw2011,
  Title                    = {What Motivates Firms to Contribute to Consortium-Based E-Business Standardization?},
  Author                   = {Zhao, Kexin and Xia, Mu and Shaw, Michael},
  Journal                  = {J. Manage. Inf. Syst.},
  Year                     = {2011},
  Month                    = oct,
  Number                   = {2},
  Pages                    = {305--334},
  Volume                   = {28},
  __markedentry            = {[vagner:6]},
  Acmid                    = {2139905},
  Address                  = {Armonk, NY, USA},
  DOI                      = {10.2753/MIS0742-1222280211},
  ISSN                     = {0742-1222},
  Issue_date               = {Number 2 / Fall 2011},
  Keywords                 = {Collective Action Theory, E-Business Standards, It Vendors, Motivations To Contribute, Standard Consortia, User Organizations},
  Numpages                 = {30},
  Publisher                = {M. E. Sharpe, Inc.},
  URL                      = {http://dx.doi.org/10.2753/MIS0742-1222280211}
}

@Article{ZhuWu2011,
  Title                    = {Interoperability of XBRL Financial Statements in the U.S.},
  Author                   = {Zhu, Hongwei and Wu, Harris},
  Journal                  = {Int. J. E-Bus. Res.},
  Year                     = {2011},
  Month                    = apr,
  Number                   = {2},
  Pages                    = {19--33},
  Volume                   = {7},
  __markedentry            = {[vagner:6]},
  Acmid                    = {2438607},
  Address                  = {Hershey, PA, USA},
  DOI                      = {10.4018/jebr.2011040103},
  ISSN                     = {1548-1131},
  Issue_date               = {April 2011},
  Keywords                 = {Data Quality, GAAP Taxonomy, Interoperability, Long Tail, XBRL},
  Numpages                 = {15},
  Publisher                = {IGI Global},
  URL                      = {http://dx.doi.org/10.4018/jebr.2011040103}
}

@Article{ZhuWu2014,
  Title                    = {Assessing the Quality of Large-scale Data Standards: A Case of XBRL GAAP Taxonomy},
  Author                   = {Zhu, Hongwei and Wu, Harris},
  Journal                  = {Decis. Support Syst.},
  Year                     = {2014},
  Month                    = mar,
  Pages                    = {351--360},
  Volume                   = {59},
  __markedentry            = {[vagner:6]},
  Acmid                    = {2592494},
  Address                  = {Amsterdam, The Netherlands, The Netherlands},
  DOI                      = {10.1016/j.dss.2014.01.006},
  ISSN                     = {0167-9236},
  Issue_date               = {March, 2014},
  Keywords                 = {Data quality, Data standards, GAAP Taxonomy, Information quality, Quality assessment, XBRL},
  Numpages                 = {10},
  Publisher                = {Elsevier Science Publishers B. V.},
  URL                      = {http://dx.doi.org/10.1016/j.dss.2014.01.006}
}

