% Encoding: UTF-8


@Article{BlakeHuang2008,
  Title                    = {XBRL enabler for business documents},
  Author                   = {Blake, Robert W and Huang, Emily},
  Year                     = {2008},
  __markedentry            = {[vagner:6]}
}

@Article{BonsonCortijoEscobar2008,
  Title                    = {The role of XBRL in enhanced business reporting (EBR)},
  Author                   = {Bons{\'o}n, Enrique and Cortijo, Virginia and Escobar, Tomas},
  Journal                  = {Journal of Emerging Technologies in Accounting},
  Year                     = {2008},
  Number                   = {1},
  Pages                    = {161--173},
  Volume                   = {5},
  __markedentry            = {[vagner:6]}
}

@Article{Boyer-WrightSummersKottemann2010,
  Title                    = {XBRL: Is it time},
  Author                   = {Boyer-Wright, Kathleen and Summers, George and Kottemann, Jeffrey},
  Journal                  = {Issues in Informing Science and Information Technology},
  Year                     = {2010},
  Pages                    = {509--518},
  Volume                   = {7},
  __markedentry            = {[vagner:6]}
}

@Article{CapozzoliAli2009,
  Title                    = {XBRL Versioning: Imminent Challenges and Potential Solutions},
  Author                   = {Capozzoli, Ernest A and Ali, Radwan},
  Journal                  = {International Review of Business Research Papers},
  Year                     = {2009},
  Number                   = {6},
  Pages                    = {72--78},
  Volume                   = {5},
  __markedentry            = {[vagner:6]}
}

@Article{CapozzoliFarewell2010,
  Title                    = {SEC XBRL filing requirements: An instructional case on tagging financial statement disclosures},
  Author                   = {Capozzoli, Ernest and Farewell, Stephanie},
  Journal                  = {Issues in Accounting Education},
  Year                     = {2010},
  Number                   = {3},
  Pages                    = {489--511},
  Volume                   = {25},
  __markedentry            = {[vagner:6]}
}

@Article{Cohen2009,
  Title                    = {XBRL's global ledger framework: Exploring the standardised missing link to ERP integration},
  Author                   = {Cohen, Eric E},
  Journal                  = {International Journal of Disclosure and Governance},
  Year                     = {2009},
  Number                   = {3},
  Pages                    = {188--206},
  Volume                   = {6},
  __markedentry            = {[vagner:6]},
  Publisher                = {Nature Publishing Group}
}

@Article{DallaViaGarbellotto2015,
  Title                    = {INTERNAL REPORTING WITH XBRL GLOBAL LEDGER},
  Author                   = {Dalla Via, Nicola and Garbellotto, Gianluca},
  Journal                  = {Strategic Finance},
  Year                     = {2015},
  Number                   = {4},
  Pages                    = {46},
  Volume                   = {97},
  __markedentry            = {[vagner:6]},
  Publisher                = {Institute of Management Accountants}
}

@Article{DebrecenyFarewell2010,
  Title                    = {Adios! Airways: An assignment on mapping financial statements to the US GAAP XBRL taxonomy},
  Author                   = {Debreceny, Roger and Farewell, Stephanie},
  Journal                  = {Issues in Accounting Education},
  Year                     = {2010},
  Number                   = {3},
  Pages                    = {465--488},
  Volume                   = {25},
  __markedentry            = {[vagner:6]}
}

@Article{DitterHenselmannScherr2011,
  Title                    = {Using XBRL technology to extract competitive information from financial statements},
  Author                   = {Ditter, Dominik and Henselmann, Klaus and Scherr, Elisabeth},
  Journal                  = {Journal of Intelligence Studies in Business},
  Year                     = {2011},
  Number                   = {1},
  Volume                   = {1},
  __markedentry            = {[vagner:6]}
}

@Article{Faboyede2011,
  Title                    = {E-Business Conflict Resolution: The Role of XBRL, the Next-Generation Digital Language of Business Reporting},
  Author                   = {Faboyede, Olusola Samuel},
  Journal                  = {National Journal of System and Information Technology},
  Year                     = {2011},
  Number                   = {1},
  Pages                    = {30},
  Volume                   = {4},
  __markedentry            = {[vagner:6]},
  Publisher                = {Publishing India Group}
}

@Article{FABOYEDEMUKOROLECTUREREtAl2011,
  Title                    = {XBRL, The 21st Century Data Source and Database Level Data Validation},
  Author                   = {FABOYEDE, SO and MUKORO, DR and LECTURER, D and OLOWE, O},
  Journal                  = {CHIEF PATRON CHIEF PATRON},
  Year                     = {2011},
  __markedentry            = {[vagner:6]}
}

@Article{Fischer,
  Title                    = {“Evolution and Future Trends for XBRL Development” KU XBRL 2013},
  Author                   = {Fischer, Herm},
  __markedentry            = {[vagner:6]}
}

@Article{HoffmanWatson2009,
  Title                    = {XBRL for Dummies},
  Author                   = {Hoffman, Charles and Watson, Liv},
  Year                     = {2009},
  __markedentry            = {[vagner:6]},
  Publisher                = {John Wiley \& Sons}
}

@Article{ILIASRAZAKRAZAK2014,
  Title                    = {The Awareness of the Extensible Business Reporting Language (XBRL) In Malaysia.},
  Author                   = {ILIAS, AZLEEN and RAZAK, ZULKEFLEE MOHD ABD and RAZAK, SITI FARA FADILA ABD},
  Journal                  = {Journal of Internet Banking \& Commerce},
  Year                     = {2014},
  Number                   = {2},
  Volume                   = {19},
  __markedentry            = {[vagner:6]}
}

@Article{JimeiYuzhouMeijie2013,
  Title                    = {XBRL in the Chinese Financial Ecosystem},
  Author                   = {Jimei, Li and Yuzhou, Hu and Meijie, Du},
  Journal                  = {IT Professional},
  Year                     = {2013},
  Number                   = {6},
  Pages                    = {36--42},
  Volume                   = {15},
  __markedentry            = {[vagner:6]},
  Publisher                = {IEEE}
}

@Article{Lopez-CoboLosadaCicurelEtAl2008,
  Title                    = {Ontology Management in e-Banking Applications},
  Author                   = {L{\'o}pez-Cobo, Jos{\'e}-Manuel and Losada, Silvestre and Cicurel, Laurent and Bas, Jos{\'e} Luis and Bellido, Sergio and Benjamins, Richard},
  Journal                  = {Ontology Management},
  Year                     = {2008},
  Pages                    = {229--244},
  __markedentry            = {[vagner:6]},
  Publisher                = {Springer US}
}

@Article{MaussBleilBalloniEtAl2008,
  Title                    = {XBRL in Public Administration as a Way to Evince and Scale the Use of Information},
  Author                   = {Mauss, C{\'e}zar Volnei and Bleil, Claudecir and Balloni, Antonio Jos{\'e} and Vanti, Adolfo Alberto},
  Journal                  = {Innovations and Advanced Techniques in Systems, Computing Sciences and Software Engineering},
  Year                     = {2008},
  Pages                    = {111--115},
  __markedentry            = {[vagner:6]},
  Publisher                = {Springer Netherlands}
}

@Article{MaussBleilBalloniEtAl2008a,
  Title                    = {XBRL in Public Administration as a Way to Evince and Scale the Use of Information},
  Author                   = {Mauss, C{\'e}zar Volnei and Bleil, Claudecir and Balloni, Antonio Jos{\'e} and Vanti, Adolfo Alberto},
  Journal                  = {Innovations and Advanced Techniques in Systems, Computing Sciences and Software Engineering},
  Year                     = {2008},
  Pages                    = {111--115},
  __markedentry            = {[vagner:6]},
  Publisher                = {Springer Netherlands}
}

@InProceedings{Mendez-NunezTrivino2010,
  Title                    = {Combining semantic web technologies and computational theory of perceptions for text generation in financial analysis},
  Author                   = {Mendez-Nunez, Sheila and Trivi{\~n}o, Graci{\'a}n},
  Booktitle                = {Fuzzy Systems (FUZZ), 2010 IEEE International Conference on},
  Year                     = {2010},
  Organization             = {IEEE},
  Pages                    = {1--8},
  __markedentry            = {[vagner:6]}
}

@Article{Monterio2014,
  Title                    = {Keeping Ahead of the Evolution of Technology},
  Author                   = {Monterio, Brad J},
  Journal                  = {Strategic Finance},
  Year                     = {2014},
  Number                   = {11},
  Pages                    = {56},
  Volume                   = {95},
  __markedentry            = {[vagner:6]},
  Publisher                = {Institute of Management Accountants}
}

@Article{Monterio2014a,
  Title                    = {Keeping Ahead of the Evolution of Technology},
  Author                   = {Monterio, Brad J},
  Journal                  = {Strategic Finance},
  Year                     = {2014},
  Number                   = {11},
  Pages                    = {56},
  Volume                   = {95},
  __markedentry            = {[vagner:6]},
  Publisher                = {Institute of Management Accountants}
}

@Article{PiaoWangChenEtAl2011,
  Title                    = {Building Multidimensional Analysis Model for Business Reports Based on CWM},
  Author                   = {Piao, Yong and Wang, XK and Chen, ZK and Wang, Z},
  Journal                  = {Computer Science},
  Year                     = {2011},
  Number                   = {9},
  Pages                    = {164},
  Volume                   = {38},
  __markedentry            = {[vagner:6]},
  Publisher                = {Guojia Kexue Jishu Bu, Xinan Xinxi Zhongxin}
}

@Article{Rahwani,
  Title                    = {XBRL based Financial Statement: Case Study in a Sharia Bank in Indonesia},
  Author                   = {Rahwani, Noor Romy},
  __markedentry            = {[vagner:6]}
}

@Article{Rezaei2013,
  Title                    = {XBRL; A New Language for Financial Reporting},
  Author                   = {Rezaei, Zeinab},
  Year                     = {2013},
  __markedentry            = {[vagner:6]}
}

@Article{Sin2014,
  Title                    = {XBRL Benefits and Challenges},
  Author                   = {Sin, Win Sze},
  Year                     = {2014},
  __markedentry            = {[vagner:6]}
}

@Article{Srivastava2009,
  Title                    = {XBRL (Extensible Business Reporting Language): A Research Perspective},
  Author                   = {Srivastava, Rajendra P},
  Journal                  = {Indian Accounting Review},
  Year                     = {2009},
  Number                   = {1},
  Pages                    = {14--32},
  Volume                   = {13},
  __markedentry            = {[vagner:6]}
}

@Article{TaylorDzuranin2010,
  Title                    = {Interactive financial reporting: an introduction to eXtensible business reporting language (XBRL)},
  Author                   = {Taylor, Eileen Z and Dzuranin, Ann C},
  Journal                  = {Issues in Accounting Education},
  Year                     = {2010},
  Number                   = {1},
  Pages                    = {71--83},
  Volume                   = {25},
  __markedentry            = {[vagner:6]}
}

@Article{TaylorDzuranin2010a,
  Title                    = {Interactive financial reporting: an introduction to eXtensible business reporting language (XBRL)},
  Author                   = {Taylor, Eileen Z and Dzuranin, Ann C},
  Journal                  = {Issues in Accounting Education},
  Year                     = {2010},
  Number                   = {1},
  Pages                    = {71--83},
  Volume                   = {25},
  __markedentry            = {[vagner:6]}
}

@Article{Vanti-Unisinos,
  Title                    = {XBRL in public administration as a way to evince and scale the use of information},
  Author                   = {Vanti-Unisinos, Adolfo Alberto},
  __markedentry            = {[vagner:6]}
}

@InProceedings{Xin-liPei2008,
  Title                    = {Analysis of the applicability of performance measurement method for XBRL implementation in the enterprises},
  Author                   = {Xin-li, Wang and Pei, Zhang},
  Booktitle                = {Industrial Electronics and Applications, 2008. ICIEA 2008. 3rd IEEE Conference on},
  Year                     = {2008},
  Organization             = {IEEE},
  Pages                    = {2312--2316},
  __markedentry            = {[vagner:6]}
}

