@TECHREPORT{Hogan11exploitingrdfs,
	author = {Aidan Hogan},
	title = {Exploiting RDFS and OWL for Integrating Heterogeneous, Large-Scale, Linked Data Corpora},
	institution = {},
	year = {2011}
}

@MISC{Debreceny_d'erialessandro2,
	author = {Roger Debreceny and Carsten Felden and Technische Universität Bergakademie and Stephanie Farewell and Maciej Piechocki and Ifrs Foundation},
	title = {d'Eri Alessandro2 International Accounting Standards Board},
	year = {}
}

@MISC{Curry_2009)“challenges,
	author = {Edward Curry and Andreas Harth and Sean O‟Riain},
	title = {2009) “Challenges ahead for converging financial data”, W3C Workshop on improving access to financial data on the web},
	year = {}
}

@INPROCEEDINGS{O’Riain12e.:linked,
	author = {S O’Riain and A Harth and Curry},
	title = {E.: Linked Data Driven Information Systems as an Enabler for Integrating Financial Data},
	booktitle = {In: Information Systems for Global Financial Markets: Emerging Developments and Effects. IGI Global},
	year = {2012}
}

@MISC{Locke_analysisof,
	author = {Joanne Locke and Andrew Lymer and Alan Lowe and Gillian Knight and Joanne Locke and Andrew Lymer and Alan Lowe},
	title = {ANALYSIS OF INTERACTIVE DATA FROM THE PERSPECTIVE OF NON-PROFESSIONAL INVESTORS},
	year = {}
}

