@MISC{Blankespoor_theimpact,
	author = {Elizabeth Blankespoor},
	title = {The Impact of Investor Information Processing Costs on Firm Disclosure Choice: Evidence from the XBRL Mandate},
	year = {}
}

@MISC{Boritz_computer-assistedtools,
	author = {Efrim Boritz and Won Gyun No},
	title = {Computer-Assisted Tools for Auditing XBRL-Related Documents},
	year = {}
}

@MISC{Alles_frameworkfor,
	author = {Michael Alles and Maciej Piechocki},
	title = {Framework for Enhancing Governance Decision Making Using Interactive Data},
	year = {}
}

@MISC{Boritz11computer-assistedfunctions,
	author = {E Boritz and W G No},
	title = {Computer-assisted functions for auditing XBRL-related documents Working paper},
	year = {2011}
}

@MISC{Alles11arelative,
	author = {M Alles and G L Gray},
	title = {A relative cost framework for rethinking assurance of XBRL filings. Working paper},
	year = {2011}
}

@MISC{_centurybusiness,
	author = {},
	title = {Century Business Reporting System},
	year = {}
}

